4404 5564
521 587 595 660 ns
625 583 883 663 rossano
908 582 1155 684 musmo
1179 583 1426 662 ucuuuu.
1709 603 1746 652 tx

207 753 310 829 Ordo
325 753 478 832 accedat
494 779 649 832 necesse
668 775 737 849 est,
763 783 872 857 quem
888 757 983 831 ratio
1001 755 1080 830 sola
1098 774 1224 857 potest
1241 757 1392 832 inferre.
1416 729 1615 832 Methodus
1636 755 1747 856 igitur

131 938 136 950 ·
203 888 243 962 ia
265 888 421 968 scientia
436 890 492 966 rei
513 889 702 968 numeriae
719 917 840 992 aeque
856 890 1064 966 neccssaria
1085 909 1164 982 est,
1186 915 1231 966 ac
1248 891 1289 963 in
1308 891 1436 991 quavis
1452 889 1625 966 historiae
1642 905 1747 964 natu·

202 1021 290 1097 ralis
316 1041 431 1125 parte.
464 1026 560 1100 Nam
586 1025 695 1100 utin
720 1023 874 1100 historia
899 1011 1056 1100 naturali
1084 1051 1157 1128 ope
1178 1041 1363 1100 certorum
1385 1023 1635 1102 characterum
1660 1051 1694 1097 r.
1711 1049 1747 1122 g.
1868 1021 1872 1032 '

203 1153 368 1230 dentium
390 1155 429 1232 in
453 1157 709 1250 mammiferis,
728 1159 941 1258 pinnarum
970 1159 1011 1232 in
1031 1159 1214 1260 piscihus,
1239 1185 1459 1260 organorum
1484 1156 1688 1234 sexualiam
1708 1156 1747 1230 in

201 1285 357 1384 plantis,
383 1289 497 1368 facile
525 1291 740 1390 dignoscas,
766 1293 814 1368 a'd
839 1317 947 1392 quam
974 1293 1135 1393 speciem
1152 1317 1288 1392 corpus
1311 1291 1462 1392 aliquod
1476 1293 1673 1392 pertineat,
1694 1291 1746 1366 ita

200 1419 240 1492 ia
261 1440 409 1498 moneta
425 1449 499 1526 ops
519 1442 704 1503 certorum
722 1426 987 1518 characterum,
1012 1425 1238 1518 utimetalli,
1261 1425 1439 1514 fabricae,
1463 1426 1564 1526 typi,
1589 1425 1678 1526 styli
1708 1442 1748 1500 et

200 1551 464 1656 inscriptionis,
484 1559 595 1634 facile
612 1559 848 1652 determines,
869 1561 930 1638 cui
946 1560 1041 1649 urbi,
1056 1560 1116 1636 cui
1135 1562 1216 1660 regi
1232 1557 1488 1660 imperatoriis
1509 1555 1747 1658 adjudicandi

198 1685 275 1760 sint
293 1687 430 1788 singuli
449 1692 562 1765 numi.
580 1695 658 1768 Iam
677 1694 838 1768 studium
857 1693 987 1769 horum
1006 1693 1257 1769 characterum
1278 1691 1393 1768 efficit
1405 1689 1585 1767 theoriam
1605 1691 1744 1767 numis-

178 1820 380 1914 maticom,
399 1849 496 1925 quas
511 1826 559 1902 ad
584 1825 844 1928 dijudicandos
868 1847 907 1903 et
921 1829 961 1901 in
980 1827 1117 1903 classes
1139 1827 1362 1928 redigendos
1382 1849 1513 1900 numos
1533 1849 1611 1899 non
1623 1825 1744 1900 minus

177 1955 407 2034 necessaria
429 1977 497 2048 est,
523 1985 634 2062 quam
657 1963 854 2062 methodus
874 1962 1047 2038 botanica
1059 1962 1108 2037 ad
1128 1957 1743 2060 determinandas‘ordinandasque

195 2086 354 2188 plantas.
382 2093 525 2193 Quodsi
541 2119 632 2194 ergo
652 2095 1088 2170 celeberrimasbinneus
1114 2119 1253 2170 nomen
1274 2093 1547 2170 Restauratoris
1567 2091 1741 2167 historiae

95 2235 104 2250 ‘
195 2223 373 2299 naturalis
395 2226 478 2324 juro
503 2227 725 2327 promeritus
743 2245 818 2320 est,
842 2228 1076 2304 doctissimus
1092 2228 1234 2302 Echhel
1252 2247 1404 2320 noster,
1425 2225 1662 2328 systematico
1682 2249 1741 2298 ar·

196 2352 284 2432 dine
304 2355 345 2430 iu
365 2383 409 2433 re
425 2362 592 2436 numeria
612 2362 839 2451 introducto,
853 2387 978 2463 parem
1000 2362 1157 2462 palmam
1174 2361 1245 2436 sihi
1264 2363 1416 2438 evicisse
1437 2358 1624 2462 putandos
1647 2375 1715 2436 ost,

291 2491 336 2563 In
357 2491 612 2569 distribuendo
631 2495 955 2595 describendoque
971 2499 1102 2570 Museo
1114 2494 1322 2580 Viennensi
1336 2497 1520 2572 Caesareo
1541 2511 1664 2570 autem
1682 2518 1740 2566 se·

194 2637 331 2722 quotus
350 2644 409 2700 est
424 2628 592 2703 ordinem
606 2630 716 2704 huuc
741 2629 901 2702 Primum
919 2629 1112 2703 universos
1125 2653 1260 2704 numos
1275 2630 1316 2703 in
1334 2630 1425 2706 duas
1447 2629 1582 2704 classes
1606 2627 1738 2716 divisit,

135 2777 138 2786 ’
193 2756 337 2833 scilicet
359 2759 402 2832 in
417 2787 552 2837 numos
571 2763 746 2837 urbium
769 2781 807 2837 et
824 2763 864 2836 in
884 2789 1016 2837 numos
1032 2767 1272 2840 Romanos.

290 2893 385 2966 Tum
405 2895 549 2970 urbium
568 2922 701 2971 numos
727 2899 930 2972 secundnm
954 2898 1121 2972 ordinem
1150 2897 1436 2998 geographicnm
1465 2897 1672 2997 disposuit,
1699 2914 1738 2971 et

190 3027 394 3100 secundum
417 3031 627 3128 provincias
647 3031 862 3127 subdivisit3
887 3032 1113 3133 singularum
1131 3055 1219 3106 vero
1236 3031 1507 3131 provinciarum
1529 3033 1643 3106 urbes
1677 3055 1737 3104 or·

191 3157 281 3233 dine
304 3159 544 3259 alphabetico
567 3165 785 3256 collocavit,
817 3193 1024 3267 regesque,
1052 3191 1211 3268 quorum
1235 3163 1368 3240 ditioni
1389 3165 1582 3266 subjectae
1617 3182 1735 3257 erant,

194 3291 326 3367 ordino
341 3294 611 3394 chronologico
628 3300 829 3401 subjunxit.

195 3504 199 3512 ,
286 3426 430 3502 Numos
454 3429 735 3508 coloniarum
754 3433 842 3507 olim
861 3433 902 3506 in
924 3458 995 3506 usu
1018 3431 1141 3507 fueruit
1161 3448 1351 3532 separatos
1377 3430 1596 3530 disponere,
1622 3447 1735 3529 prout

191 3559 387 3660 inscriptio
407 3580 507 3638 esset
527 3564 586 3638 vel
604 3589 739 3665 graeca
757 3566 816 3642 rel
832 3566 956 3642 latina.
980 3569 1017 3642 A
1034 3591 1110 3666 quo
1130 3591 1199 3640 usu
1213 3565 1425 3656 Harduinus
1435 3565 1573 3665 primus
1594 3565 1733 3640 disces·

188 3691 237 3766 sit
257 3711 296 3768 et
318 3714 473 3772 cunctos
501 3700 728 3774 coloniarum
756 3727 888 3776 numos
909 3701 982 3776 sibi
1002 3700 1220 3776 coordinata
1241 3700 1411 3774 instituit.
1443 3699 1586 3774 Echhel
1608 3716 1732 3774 autem

185 3825 416 3902 coloniarum
434 3857 568 3906 numos
587 3834 708 3909 numis
728 3836 937 3911 autonomis
951 3835 1211 3939 adjungendos
1229 3834 1382 3937 putavit,
1400 3852 1611 3936 propterea,
1629 3834 1733 3933 quod

186 3963 258 4038 hac
277 3964 421 4041 ratione
442 3969 558 4050 series
574 3969 717 4042 urbium
731 3969 878 4070 plenior
896 3970 1124 4046 redderetur.
1151 3969 1220 4044 Cui
1244 3969 1395 4068 quidem
1424 3987 1560 4080 coepto
1584 3969 1650 4069 qui
1668 3968 1732 4043 ad·

186 4117 433 4194 versarentur,
458 4129 535 4176 non
559 4103 760 4179 defuerunt
778 4107 833 4179 rei
853 4105 1042 4179 numeriae
1060 4119 1266 4178 sectatores
1273 4132 1285 4198 3
1309 4103 1587 4204 prudentissimi
1605 4121 1732 4178 tamen

177 4233 325 4332 'quique
345 4237 383 4309 in
405 4239 785 4336 partesEclthelianas
799 4240 977 4317 transiero
1002 4239 1073 4313 hac
1090 4207 1138 4313 de
1151 4263 1275 4329 causa,
1300 4238 1402 4337 quod
1417 4263 1504 4338 pars
1523 4265 1651 4318 aversa
1662 4239 1731 4310 hu·

183 4367 250 4466 jus·
262 4389 432 4446 monetae
452 4371 534 4447 sere
553 4374 668 4474 magis
686 4376 734 4452 ad
754 4376 865 4451 urbes
883 4375 1055 4466 refertur,
1074 4399 1229 4472 quarum
1250 4374 1354 4472 jussu
1376 4373 1464 4447 olim
1484 4399 1595 4451 cusas
1608 4375 1729 4465 fuere,

182 4525 293 4599 quam
314 4504 364 4577 ad
383 4506 591 4608 principes,
618 4535 774 4608 quorum
792 4511 908 4586 facies
925 4509 966 4581 in
981 4525 1087 4609 parte
1105 4508 1290 4582 anteriore
1312 4526 1589 4608 repraesentata
1605 4529 1673 4586 est.
1693 4591 1699 4598 ,

276 4641 526 4715 Insularum
549 4669 693 4734 numos,
721 4671 815 4743 quos
834 4645 1040 4719 Pellerinus
1064 4641 1260 4744 sejunctim
1278 4641 1504 4718 ordinandos
1525 4619 1728 4745 putaverat,

106 4767 112 4780 '
179 4771 320 4846 Echhel
343 4792 471 4850 noster
489 4793 668 4852 terrarum
689 4779 936 4882 adjacentium
954 4777 1076 4860 numis
1096 4778 1300 4880 adjungere
1317 4779 1369 4858 ob
1389 4795 1622 4858 constantem
1636 4784 1727 4861 utri·

179 4933 298 5008 usquc
319 4928 491 4987 monetas
511 4913 726 4992 affinitatem
748 4915 917 4994 malebat.

1308 5050 1334 5124 h
