4422 5546
412 410 465 481 Ἠ

884 378 1274 462 nnxrnrattvs
1319 375 1489 450 Haec,
1584 353 1588 370 '

418 574 584 644 cularibus
622 570 753 636 obstare
786 569 943 635 disertam
982 569 1164 636 orationem
1223 559 1452 639 commodare,
1481 558 1654 644 utrinque,
1684 580 1747 626 ceu
1767 561 1801 624 in
1824 567 1981 634 Maximi.

421 676 561 754 Zosimi,
591 674 666 760 qui,
695 693 768 738 cum
799 687 929 757 tempus
955 673 1062 757 ipsum
1084 669 1166 734 adsi·
1223 687 1302 743 auo,
1324 661 1530 728 adhaerebis.

423 794 519 867 gnae,
542 796 607 862 quo
629 789 705 860 post
724 775 924 839 Diocletiani
946 791 980 840 et
1001 773 1167 839 Maximia-

1287 769 1354 828 lam
1379 786 1476 854 rerp,
1499 779 1535 826 ut
1554 765 1790 852 ex‘utrinsqne
1808 770 1981 854 impensu.

419 885 456 946 ni
475 879 651 965 imperium
673 877 865 941 celebrandi
885 877 998 956 sucre,
1017 877 1167 958 hocipso
1223 870 1266 931 tis
1286 869 1393 930 nuruis
1418 868 1522 952 palam
1549 865 1601 942 lit,
1624 866 1664 931 ab
1690 884 1831 956 utroque
1854 895 1979 938 munus

420 987 531 1070 palam
561 981 677 1056 docet,
713 999 771 1042 eos
805 981 889 1054 intra
920 979 1037 1043 horum
1067 980 1170 1060 impe·

422 1090 507 1150 rium
534 1098 624 1148 actos
649 1101 714 1143 non
743 1081 862 1160 fuisse,
894 1095 928 1144 et
952 1082 979 1142 si
1005 1086 1073 1145 acti·
1091 1078 1169 1140 fuis·

340 1217 344 1224 ·
424 1203 517 1265 sent,
539 1207 578 1249 en
603 1183 689 1246 istud
706 1181 845 1268 fugisset
865 1183 1030 1246 hominem
1050 1182 1168 1244 horum

423 1291 579 1354 ludorum
620 1285 844 1368 superstitioni
890 1300 954 1348 tam
997 1283 1169 1368 pertinaci·

423 1407 478 1456 ter
496 1385 682 1454 addictum?
705 1389 829 1448 Tamen
847 1405 964 1450 numus
986 1386 1041 1476 hic
1062 1386 1169 1469 singn-

423 1495 515 1570 laria,
532 1514 549 1554 a
564 1508 629 1572 quo
646 1489 751 1550 omnis
768 1490 958 1573 longissime
977 1488 1068 1550 abest
1084 1486 1170 1551 irau-

425 1597 476 1660 dis
491 1591 650 1676 suspicio,
672 1605 760 1652 actos
774 1591 874 1654 inisse
891 1592 953 1654 hos
963 1589 1063 1660 ,ludos
1078 1611 1170 1673 aper·

372 1673 376 1680 ⁴
423 1714 458 1762 te
484 1708 637 1770 testatur,
667 1713 749 1776 quos
771 1693 872 1758 inisse
897 1694 1081 1756 saeculares
1102 1713 1170 1753 non

426 1795 605 1886 epigraphe
640 1797 774 1874 inodo,
797 1796 856 1858 sed
885 1809 919 1858 et
943 1809 1038 1877 typus
1071 1795 1170 1877 cippi,

425 1903 482 1986 qni
496 1903 584 1962 idem
606 1898 688 1960 etin
705 1897 932 1982 Philipporum
953 1897 1060 1959 numia
1076 1897 1171 1960 ludo-

423 2026 498 2067 rum
520 1999 735 2064 saecularinm
763 2000 945 2082 symbolum
977 2013 1043 2078 est,
1073 1999 1172 2082 plane

330 2151 338 2178 .
424 2101 634 2192 persuadent.

488 2210 532 2270 As
560 2203 647 2266 onim
673 2222 739 2265 nort
768 2203 855 2266 solus
884 2203 938 2266 hic
965 2218 1016 2268 est
1042 2227 1170 2282 numus,

425 2309 482 2396 qui
499 2296 720 2371 actos‘alieno
741 2317 898 2390 tempore-
911 2308 1113 2384 saeonlares‚
1137 2323 1171 2370 et

424 2409 596 2474 silentibus
613 2409 734 2472 iterum
752 2409 917 2482 historicis
935 2421 1082 2474 testatur.
1105 2412 1171 2474 Ha·

422 2513 481 2576 bet
500 2531 648 2578 museum
668 2511 864 2574 Caesareum
880 2511 976 2575 binos
994 2525 1171 2594 argenteos

423 2614 567 2678 Gallieni
596 2632 732 2687 numos,
761 2613 794 2672 in
825 2633 963 2696 qaorum
986 2633 1053 2676 uno
1076 2613 1173 2690 sttu-

293 2735 297 2748 ·
423 2714 639 2785 CVLARES.
675 2713 781 2780 ΔΥΕ.
819 2712 956 2796 legitur,
995 2715 1029 2774 in
1065 2715 1171 2780 altero

423 2816 563 2880 barbare
587 2815 888 2884 SAECVLARHS.
906 2815 1026 2892 AVG„
1048 2817 1173 2880 utrobi·

425 2941 489 3005 que
521 2930 571 2982 est
598 2931 693 2999 typus
716 2917 807 2981 cervi
829 2919 962 2994 stantis,
994 2930 1027 2980 at
1049 2917 1172 2982 inimo

418 3021 552 3108 palmae
580 3041 699 3084 ramus.
746 3021 865 3087 Refert
885 3018 1087 3098 Bandurius,
1118 3021 1172 3084 cni

422 3135 564 3208 uterque
587 3122 641 3185 hic
664 3145 781 3187 numus
798 3127 948 3208 cognitus
966 3123 1044 3200 luit,
1066 3123 1170 3188 risum

424 3225 608 3300 nonnullis,
630 3237 759 3292 temere
779 3225 922 3290 Gallieni
945 3247 1046 3288 numo
1071 3225 1172 3308 adpli·

425 3342 528 3392 catam
550 3347 713 3406 aversam,
736 3349 818 3415 quae
840 3327 881 3391 ad
903 3329 1075 3412 Philippos
1097 3349 1172 3413 per·

423 3428 558 3493 tineret.
602 3429 726 3496 Verum
765 3431 820 3516 qni
859 3428 945 3494 istud
985 3430 1171 3510 credidere,

423 3553 491 3596 non
522 3531 768 3614 expenderunt,
800 3535 833 3596 in
855 3533 1083 3617 Philipporum
1112 3555 1172 3596 nu·

423 3635 486 3698 mis
517 3648 704 3700 constanter
738 3637 838 3702 scribi
874 3637 1171 3706 stEchtttES.

423 3735 574 3815 AVGG„
598 3739 762 3822 geminato
785 3739 912 3804 scilicet
933 3739 979 3818 G,
1002 3754 1036 3804 et
1057 3739 1090 3801 ia
1114 3741 1169 3804 ho·

423 3863 497 3904 rum
527 3841 590 3904 intr
621 3856 714 3926 parte
740 3864 802 3928 pro
824 3844 952 3928 palmae
974 3863 1066 3907 ramo
1088 3863 1174 3907 aem·

422 3964 486 4030 per
508 3964 702 4030 comparere
724 3955 834 4014 notam
855 3945 995 4032 aliquam
1018 3946 1172 4010 arithme-

423 4046 542 4124 ticam,
569 4066 678 4130 neqne
708 4049 741 4110 in
772 4050 890 4112 horum
922 4049 1031 4133 aliquo
1059 4069 1175 4132 reper-

424 4159 494 4210 tum
510 4145 667 4211 hactenus
681 4149 856 4214 barbaram
872 4151 1172 4219 snectutem.

424 4247 567 4332 acquiri
583 4248 677 4312 voles
691 4263 868 4335 utrumqne
883 4271 1058 4330 canonem,
1074 4257 1173 4338 quern

425 4371 523 4436 supra
545 4351 703 4434 exposui,
725 4351 869 4416 Gallieni
892 4353 1098 4438 temporibus
1119 4353 1174 4419 ad·

461 4667 494 4742 a)
513 4667 545 4730 in
563 4669 672 4734 lieren
693 4691 718 4736 e.
736 4683 782 4740 ts.

1227 972 1395 1034 saeculare
1418 971 1519 1034 fuisse
1540 968 1682 1048 editum,
1705 973 1752 1036 sic
1772 993 1869 1058 quarn
1885 989 1978 1040 uter·

1228 1093 1291 1158 que
1311 1077 1344 1135 in
1361 1089 1544 1158 temporum
1564 1073 1692 1136 ratione
1715 1090 1847 1140 secutus
1868 1079 1909 1141 sit
1926 1079 1981 1142 le·

1227 1195 1323 1260 gem,
1341 1190 1403 1254 tam
1420 1197 1533 1258 parum
1550 1189 1658 1258 potest
1674 1175 1856 1257 adfirmari,
1876 1203 1974 1266 quarn

1228 1291 1279 1341 est
1304 1299 1445 1362 pronum
1467 1275 1624 1356 credere,
1659 1302 1755 1342 unam
1780 1282 1912 1368 utrique
1937 1285 1980 1350 li·

1226 1379 1374 1442 bidinem
1403 1402 1439 1442 ec
1466 1381 1736 1463 superstitionem
1766 1384 1851 1467 legis
1874 1387 1982 1452 instar

1227 1483 1341 1546 fuiss..
1386 1483 1470 1544 sane
1495 1485 1527 1544 a
1543 1481 1737 1576 ,anastatus
1760 1467 1890 1568 rapula
1911 1491 1979 1555 ue-

1227 1605 1362 1661 ronem,
1403 1598 1456 1659 ut,
1488 1584 1575 1668 quod
1607 1583 1715 1646 refert
1742 1585 1918 1660 Suetonius
1934 1595 1983 1674 ⁸),

1229 1707 1302 1752 cum
1329 1687 1363 1748 ir't
1389 1685 1560 1751 Graeciam
1583 1687 1766 1769 trajiceret,
1797 1693 1976 1757 certamina

1229 1788 1386 1871 deinceps
1417 1787 1528 1851 obiret
1548 1788 1672 1866 omnia,
1706 1803 1843 1878 atquae
1867 1793 1977 1860 direr-

1228 1887 1446 1952 sissimorum‘
1464 1904 1649 1974 temporum
1680 1892 1793 1978 inere,
1832 1897 1908 1980 cogi
1940 1899 1977 1962 in

1227 2013 1328 2054 unum
1350 2013 1467 2054 annum
1489 1977 1631 2077 juberet.
1675 1996 1777 2060 Forte
1804 1999 1981 2080 conjector·

1228 2115 1431 2180 nequaquam
1454 2117 1553 2158 vanus
1577 2095 1734 2176 uidebor,
1764 2101 1792 2161 si
1815 2102 1976 2186 suspicer,

1228 2197 1389 2282 placuisse
1425 2197 1583 2260 ambobus
1619 2197 1791 2283 Augustis,
1836 2226 1978 2288 quorum

1230 2300 1379 2384 cognitus
1397 2314 1467 2364 erat
1483 2301 1516 2360 in
1538 2315 1687 2366 reterens
1709 2307 1981 2387 superstitionem

1228 2387 1344 2478 furor,
1371 2405 1569 2468 contrahere
1592 2405 1683 2490 longi
1705 2409 1829 2472 saeculi
1852 2423 1978 2496 tempo·

1229 2523 1282 2580 ra,
1314 2502 1452 2587 ejusque
1483 2507 1595 2589 elapso
1624 2507 1760 2573 dimidio
1783 2531 1893 2574 sauros
1915 2514 1983 2577 bos

1229 2605 1325 2667 ludos
1347 2607 1479 2672 iterare.
1523 2608 1612 2672 lstud
1635 2609 1662 2672 si
1685 2611 1846 2690 dabimus,
1878 2613 1983 2680 facile
2059 2693 2065 2704 η

1222 2707 1434 2808 ’quadrabant
1458 2724 1615 2796 tempora.
1653 2713 1733 2796 Egit
1756 2715 1899 2780 Severus
1921 2737 1983 2801 po·

1230 2823 1371 2874 stremos
1394 2815 1579 2878 saeculares
1601 2816 1733 2878 canonia
1755 2817 1917 2902 Augustei
1938 2823 1977 2890 V.

1230 2914 1266 2978 G.
1290 2919 1364 3000 957.
1397 2913 1493 2979 adda
1516 2915 1586 3000 ejus
1609 2917 1778 2982 dimidium
1793 2943 1902 3008 'annos
1924 2925 1981 3000 55,

1229 3017 1368 3116 habebis
1395 3041 1514 3082 annum
1544 3019 1586 3088 V.
1609 3020 1644 3084 C.
1672 3041 1772 3098 rora,
1806 3045 1870 3108 quo
1902 3025 1982 3090 Gal·

1229 3120 1337 3182 lienus
1365 3121 1550 3186 numeravit
1578 3122 1653 3184 trib.
1681 3136 1875 3208 potestatem
1903 3129 1980 3196 Vll.

1229 3223 1346 3306 Neque
1385 3220 1503 3285 desunt
1541 3241 1750 3309 argumenta,
1788 3249 1870 3312 quaa
1908 3233 1981 3317 opi·

1229 3323 1360 3386 aionem
1385 3326 1468 3390 hano
1489 3326 1628 3390 reddant
1651 3331 1875 3398 verisimilem.
1894 3334 1985 3399 Gon·

1230 3439 1307 3502 stat,
1339 3428 1399 3491 sub
1431 3427 1546 3493 eadem
1571 3429 1654 3496 haec
1677 3445 1826 3516 tempora
1849 3452 1984 3522 captans

1229 3552 1247 3593 a
1284 3523 1397 3594 Pe'rsis
1443 3547 1570 3618 patrem
1610 3535 1839 3614 Valerianum,
1886 3543 1983 3626 eujus

1229 3635 1317 3698 forte
1340 3635 1480 3722 imperio
1502 3638 1686 3721 gravissimi
1704 3661 1797 3704 cesus
1819 3661 1915 3708 eausa
1937 3646 1981 3708 ad

1229 3738 1419 3821 placandam
1449 3738 1586 3802 deornm
1616 3741 1697 3806 irent
1728 3745 1875 3806 arcessiti
1903 3760 1981 3810 snut

1229 3864 1247 3905 a
1283 3839 1435 3906 Gallieno
1474 3841 1545 3904 ludi
1582 3845 1843 3909 extraordinarii.
1886 3847 1981 3913 ldens
2091 3884 2099 3897 ·

1230 3944 1375 4008 calculus
1409 3943 1598 4008 Maximiani
1634 3967 1766 4035 quoque
1806 3947 1991 4014 saeculari-¹

1230 4046 1293 4109 bns
1328 4045 1427 4114 iavet.
1470 4049 1567 4114 Anno
1599 4049 1640 4119 V·
1673 4052 1710 4117 G.
1737 4073 1813 4116 root
1854 4056 1985 4138 peracti

1230 4163 1306 4212 aunt
1348 4172 1367 4214 a
1410 4151 1573 4236 Philippis
1618 4155 1803 4219 saeculares
1845 4157 1988 4219 canonis

1231 4252 1411 4318 Claudiani.
1455 4255 1552 4320 Adde
1586 4257 1682 4339 huius
1719 4255 1890 4320 dimidium
1927 4277 1987 4320 aa·

1230 4357 1396 4468 notabor
1423 4379 1548 4450 summa
1586 4359 1676 4424 dabit
1711 4379 1830 4422 manna
1869 4357 1912 4427 V.
1941 4359 1984 4426 C.
