4476 5564
508 461 583 534 atu
734 435 893 514 CAPVT
928 433 1032 508 XIII.
1083 431 1168 553 DE·
1186 429 1334 506 NVMIS
1370 421 1826 512 CONSECRATIONVM.

504 588 621 692 'narrat
650 620 858 710 Lampridius
881 620 928 700 ⁸),
961 636 1035 680 eum
1067 620 1104 677 s'ss
1132 617 1256 678 larario
1313 608 1484 684 Pertinax,
1513 609 1674 686 Severus,
1702 612 1848 692 Dumna,
1878 614 2055 682 caracalla

512 752 571 795 suo
593 725 745 788 babuisse
769 722 865 783 etiam
887 725 978 784 ds'oos
995 721 1175 799 principes,
1201 720 1260 777 sed
1314 714 1358 780 Vt
1378 712 1462 776 udeo
1483 727 1548 774 uun
1570 712 1646 774 satia
1668 727 1814 790 constet,
1842 735 1924 800 quoa
1946 718 2058 800 singu.

514 833 650 908 optimos
664 831 796 902 electos,
816 835 848 886 et
861 827 989 886 onlmas
1003 823 1190 882 sanctiores.
1212 817 1256 879 Et
1313 815 1354 878 lia
1375 813 1576 889 adsciscere,
1598 815 1867 904 quequegligcua
1885 816 2056 900 placuerit,

404 987 408 996 ,
514 929 557 991 ds
587 927 700 992 Tacito
730 928 814 1007 Aug.
844 924 1005 1006 Vopiscus
1019 917 1071 1002 1))ι
1103 923 1258 982 Diuorum
1313 915 1397 986 Vide
1433 915 1515 980 baec
1552 915 1862 998 uberiusexposits
1892 921 1978 1003 apud
2005 921 2057 990 itt.

513 1035 662 1112 templum
673 1031 746 1109 fieri
751 1030 869 1106 jussit,
887 1029 923 1086 s'ss
935 1045 997 1108 quo
1011 1031 1116 1084 esseut
1129 1029 1256 1082 statuae
1311 1009 1484 1082 Marinium
1501 1016 1555 1098 ⁰).¹
1572 1016 1699 1078 Eodem
1724 1019 1798 1080 loco
1820 1018 1907 1082 idem
1930 1021 1984 1087 bic
2005 1023 2057 1089 vir

508 1135 690 1213 principum
709 1132 875 1202 donorum,
893 1129 941 1186 s'lo
958 1135 995 1186 ut
1009 1126 1123 1184 lisdem
1138 1123 1258 1182 natall-
1313 1119 1539 1184 erratissimus
1559 1121 1759 1199 argumentis
1780 1119 1892 1194 solidis
1909 1143 2059 1208 compre·

514 1239 572 1296 dua
590 1237 673 1306 sula,
697 1240 729 1292 el
743 1230 920 1310 parilibus,
940 1237 973 1287 et
989 1225 1063 1286 Kal.
1078 1225 1257 1295 Iooucrs'r's,
1312 1219 1385 1297 bat,
1415 1220 1447 1282 in
1469 1220 1555 1284 istud
1577 1222 1736 1282 Diuorum
1761 1223 1936 1306 templum,
1967 1226 2056 1309 quod

513 1346 546 1399 el
565 1337 654 1396 Votis
671 1333 827 1393 libamina
840 1338 1041 1408 ponerentur.
1074 1325 1256 1404 Augustum
1312 1321 1346 1383 iu
1375 1321 1499 1386 Palatio
1530 1320 1712 1385 dedicatum
1751 1321 1812 1386 suit
1842 1328 1990 1406 Augusto
2022 1340 2057 1392 et

511 1434 623 1510 illum,
644 1431 789 1515 quiaquia
811 1427 873 1492 luit
894 1413 1005 1492 sacrae
1028 1424 1122 1505 bajus
1144 1440 1257 1503 mece-
1312 1445 1386 1488 cum
1417 1423 1660 1491 successoribus
1690 1423 1811 1486 deinde
1840 1429 2058 1492 communica-

511 1547 566 1598 tae
605 1545 734 1608 auctor,
772 1549 838 1591 nou
878 1527 1064 1611 respexisse
1095 1525 1256 1608 majerum
1312 1539 1400 1604 tum,
1433 1541 1601 1610 receptum
1631 1547 1697 1588 nou
1733 1524 1833 1590 fuisse
1865 1529 1907 1592 Ι).
1938 1529 2057 1594 lulium

513 1637 729 1721 probitatem,
765 1630 978 1726 inde-patet,
1010 1626 1098 1711 quod
1128 1630 1257 1708 recepit
1314 1629 1498 1692 Caesarem.
1540 1629 1591 1688 Eu
1610 1627 1875 1695 tibiseuteutiaru
1893 1629 2056 1698 banciste

513 1734 727 1803 Commodum
759 1733 955 1814 pessimum,
985 1729 1124 1791 exclusit
1152 1729 1258 1790 Perti·
1314 1730 1409 1792 etiam
1444 1749 1616 1794 numerum
1641 1749 1778 1812 ,genere
1816 1727 2057 1816 confirmatam

511 1857 625 1902 nocem
648 1815 817 1922 optimum.
861 1835 896 1893 ln
919 1850 1081 1892 marmore
1103 1831 1255 1892 Fratrum
1312 1850 1387 1894 uam
1403 1829 1788 1912 ejusdictatcrisuumus
1811 1832 1928 1895 similis
1948 1833 2056 1900 adhue

513 1941 669 2007 arvalium
701 1933 883 2001 Commodo
920 1935 1101 2016 imperante
1137 1932 1266 2013 posito:
1313 1947 1512 2015 conspectus,
1535 1951 1600 1996 nou
1630 1945 1693 2000 est.
1738 1932 1850 2010 Addo,
1879 1934 1912 1994 in
1933 1933 2057 1998 Kalou-

514 2040 601 2126 quod
624 2054 673 2104 eat
694 2038 783 2099 iuter
800 2035 980 2098 Mariniaua
1001 2019 1076 2096 loco
1103 2033 1256 2107 XXXH„
1313 2032 1410 2096 dariis
1440 2037 1597 2100 hacteuus
1625 2036 1764 2116 coguitis
1786 2055 1893 2122 neque
1914 2037 2055 2098 natalem

512 2145 652 2226 legitur:
694 2141 807 2204 ITEM
836 2139 957 2200 ANTE
988 2133 1257 2202 CAESAREVM
1313 2137 1387 2199 iulii
1417 2137 1584 2212 Caesaris,
1615 2157 1724 2218 neque
1755 2137 1848 2202 ludos
1880 2139 2055 2214 circenses,

499 2245 562 2326 .(id
585 2257 650 2308 eat:
673 2223 830 2326 t⁸emplom
847 2241 1037 2312 Caesarum,
1061 2237 1101 2297 de
1123 2253 1188 2319 quo
1209 2235 1258 2297 iu·
1314 2259 1395 2321 quoa
1417 2237 1451 2302 iu
1469 2237 1659 2302 memoriam
1676 2237 1850 2300 illustrium
1869 2239 1939 2322 ejus
1958 2237 2059 2306 rictu

511 2349 578 2428 fra)
615 2347 733 2412 DlVlS
769 2345 907 2408 Nunmo
944 2339 1033 2406 xvt.
1067 2335 1256 2403 VERBEC·
1313 2340 1434 2404 riarum
1457 2337 1609 2404 constitui
1631 2339 1765 2427 dignu-m
1787 2340 2059 2411 luisset,meme·

512 2449 704 2529 (verveces)
729 2443 984 2508 IMMOLAVIT
1006 2441 1144 2502 Numero
1165 2439 1256 2502 xvt.
1312 2443 1395 2518 rari,
1417 2455 1453 2506 ut
1474 2440 1557 2507 adeo
1579 2441 1650 2524 ipse
1673 2441 1859 2503 aldemanio
1883 2461 1926 2518 eu
1947 2461 2057 2506 nume·

512 2556 550 2616 ln
572 2549 636 2612 alio
659 2549 760 2610 arvali
781 2542 971 2626 imperantis
999 2539 1176 2603 Alexandri
1199 2540 1257 2600 Se·
1312 2544 1567 2628 rctpriucipum
1604 2563 1735 2608 sucrum
1774 2543 1871 2626 pistre
1905 2545 2057 2610 exclusus

510 2648 602 2725 veri,
631 2649 772 2711 Marinio
799 2647 934 2718 bilaist,
966 2641 1106 2722 legiturs
1143 2640 1256 2700 ITEM
1312 2643 1414 2707 fuisse
1434 2645 1593 2710 rideatur.

511 2751 633 2814 ANTE
658 2748 933 2814 'CAESAREVM
960 2745 1077 2812 Dtvts
1110 2743 1150 2804 N.
1182 2740 1256 2806 XX.
1376 2746 1644 2818 CAESAREVM
1671 2746 1704 2808 iu
1731 2745 1893 2810 arvalibua
1915 2746 1966 2810 his
1988 2750 2081 2810 ruo-⁸

510 2851 700 2920 VERBEC.
722 2851 761 2911 N.
783 2849 854 2912 XX.
872 2837 1043 2942 ‘Quoniam'
1062 2847 1096 2906 in
1118 2861 1257 2906 marmo-
1312 2847 1474 2930 numantia
1504 2863 1721 2913 memoratum
1755 2861 1804 2910 est
1834 2850 1927 2928 locus
1961 2869 2057 2914 sacer

513 2975 549 3018 re
581 2952 692 3038 priore
713 2950 803 3042 ¹iude
833 2949 874 3010 ab
904 2953 1050 3028 Auguste
1081 2966 1185 3030 usque
1215 2942 1256 3008 ad
1312 2951 1371 3014 uui
1413 2950 1603 3036 pluribusve
1646 2949 1836 3016 Caesaribus
1876 2949 2056 3032 dedicatus,

513 3057 727 3120 Commodum
770 3053 880 3117 virum
920 3061 1142 3113 memorantur
1178 3045 1257 3110 Diri
1312 3071 1379 3139 quo
1409 3052 1507 3123 modo
1537 3055 1695 3117 babemus
1725 3053 1920 3133 Serapeum,
1951 3055 2057 3136 Hera·

512 3156 914 3228 nonnisixvtmumero,
935 3147 1255 3214 cumltmenmulll)
1313 3156 1439 3234 eleum,
1470 3157 1576 3220 laeuui
1601 3153 1769 3238 Serapidi,
1799 3155 1957 3231 Herculi,
1979 3153 2058 3216 laidi

513 3259 652 3345 amplior
672 3257 773 3320 luerit
795 3275 908 3320 eorum
930 3272 1104 3326 numerus,
1128 3251 1184 3334 qui
1205 3268 1257 3312 so·
1313 3277 1416 3322 sacra.
1458 3259 1534 3322 Nun
1561 3261 1594 3319 in
1625 3254 1708 3322 urbe
1736 3255 1853 3333 modo,
1881 3256 1940 3320 sed
1968 3271 2001 3319 et
2023 3257 2057 3320 iu

512 3360 664 3426 leonibus
693 3357 897 3422 caerimoniis
926 3357 1023 3418 coelo
1044 3354 1127 3416 illati
1147 3353 1255 3432 fuere,
1311 3359 1490 3442 prouinciis
1510 3360 1606 3424 fuere
1624 3361 1801 3436 Caesarea,
1825 3373 1859 3421 et
1880 3360 2057 3442 Augustus,

513 3464 643 3547 cogitur
664 3461 821 3526 Marinio·
842 3458 1008 3544 profiteri,
1037 3457 1070 3518 iu
1097 3456 1184 3518 bunc
1206 3475 1257 3520 cs·
1312 3461 1447 3528 Graecis
1475 3459 1644 3538 Σεβαςεια.
1682 3460 1773 3522 Istud
1805 3451 1957 3526 dirorum
1979 3461 2057 3525 Cae·

510 3563 656 3646 taloqum
683 3575 837 3644 receptos
865 3580 931 3623 non
961 3560 1078 3637 luisse,
1107 3558 1171 3622 uisi
1192 3560 1257 3624 Au·
1313 3587 1421 3641 aarum
1438 3564 1596 3649 templum
1614 3563 1714 3627 luisse
1732 3561 1821 3625 idem
1841 3584 1915 3629 oum
1934 3562 2057 3646 templo

513 3680 642 3750 gustos,
665 3682 997 3748 eorumqueuaeres,
1019 3662 1256 3728 exclusisadec
1312 3667 1475 3752 Augusti,
1502 3666 1591 3751 quod
1617 3665 1791 3731 aedificare
1820 3666 1930 3752 coepit
1958 3665 2056 3730 libe.

513 3769 659 3848 filiabus‚
688 3768 876 3844 sororibus,
906 3781 960 3830 ant
982 3765 1077 3830 aliter
1097 3761 1272 3847 sunguine*
1312 3770 1398 3847 rius,
1420 3770 1564 3856 perfecit.
1581 3768 1745 3853 Caligula,
1776 3771 1971 3846 existimant,
1981 3786 2056 3832 eru·

514 3875 648 3962 junctis,
688 3873 971 3953 consecratisque,
1010 3869 1122 3953 quales
1160 3865 1256 3930 fuere
1313 3869 1389 3950 diti,
1411 3873 1458 3936 sic
1482 3885 1517 3935 ut
1538 3871 1657 3938 deiude
1672 3871 1792 3956 singuli
1807 3873 1963 3938 Caesares
1979 3887 2057 3932 cett·

515 3977 649 4042 Claudia
661 3973 804 4038 Neronis
827 3985 861 4036 et
877 3973 1048 4056 Poppaeae
1071 3965 1256 4045 filis·,1ulis
1313 3973 1431 4040 semaei
1460 3995 1534 4041 suas
1563 3976 1597 4036 itt
1628 3995 1669 4041 eu
1696 3975 1855 4044 haherent
1880 3970 2057 4050 aediculae,

514 4071 600 4153 Titi,
633 4076 816 4152 Marciana,
847 4073 981 4137 Matidia
1009 4087 1079 4138 eta,
1115 4076 1155 4135 lu
1173 4089 1258 4136 ruar-
1313 4097 1373 4142 seu
1409 4076 1533 4144 cellas..
1561 4077 1648 4150 Vide
1684 4075 1726 4142 ds
1762 4075 1827 4156 lacu
1861 4089 2056 4158 srgumsnto

514 4193 608 4244 merc
630 4177 734 4240 altero
757 4177 972 4242 enunciantur
988 4174 1065 4239 nisi
1085 4175 1176 4252 H,
1197 4171 1257 4241 sed
1311 4179 1408 4266 pluas
1427 4178 1514 4264 apud
1534 4179 1708 4249 marinianu
1723 4179 1769 4264 d).

516 4277 625 4348 ethic
646 4291 779 4342 rursum
805 4275 917 4343 delicit
942 4297 1114 4356 numerus,
1142 4279 1218 4360 patu
1238 4298 1260 4343 s
1316 4315 1332 4348 ,·
1352 4303 1368 4331 ἰ
1499 4321 1504 4350 r
1553 4331 1557 4346 .
1679 4283 1700 4324 ⁴
1761 4327 1781 4368 ,Ι

516 4377 698 4452 Commodo
728 4397 832 4464 usque
862 4377 903 4443 ad
932 4381 1154 4444 Alexandrum
1178 4379 1258 4448 fler.
1316 4435 1321 4446 .
1369 4331 1734 4471 ,eupsrsssinffuiraru
1757 4402 1927 4470 quousque
1941 4383 2060 4471 princi·

516 4475 686 4554 accessere
727 4482 808 4554 Divi
846 4483 1006 4570 quinque,
1047 4481 1259 4564 Commodus,
1316 4507 1393 4572 pun
1412 4487 1634 4556 mutuorum
1657 4488 1862 4556 consecratio
1884 4484 2062 4557 duraverit.

554 4707 585 4778 a)
605 4705 679 4783 Cap.
698 4717 744 4776 29.
844 4703 878 4777 b)
898 4701 973 4789 Cap.
992 4717 1020 4778 9.
1119 4707 1150 4782 c)
1168 4707 1248 4766 Fral.
1268 4727 1331 4772 arv.
1350 4727 1419 4789 pag.
1438 4717 1501 4776 ὅδὲ.
1609 4703 1743 4780 d)1·'rst.
1763 4725 1825 4768 arr.
1845 4725 1913 4786 pag.
1933 4707 2061 4770 ebibi.
