4430 5568
423 505 511 582 eut

443 671 566 757 magia,
589 662 757 748 magisque
780 655 922 732 abludit,
952 651 999 718 eie
1020 664 1054 716 ut
1073 649 1112 714 ad
1131 671 1187 713 ex·

347 813 352 824 ·
444 791 587 840 tremum
615 767 697 827 nihil
727 761 848 826 reteria
884 757 983 820 meris
1013 753 1185 831 obtineret.

396 847 400 856 .
445 874 498 940 Ad
527 869 684 952 imagines
713 866 798 948 iprae
829 860 914 943 qued
947 855 1099 934 attinet„
1115 872 1189 916 rara

444 979 480 1040 iu
499 965 771 1057 praecedentibus
791 961 966 1044 protome,
997 957 1058 1017 nisi
1082 955 1114 1014 in
1134 974 1191 1014 nu·

447 1075 510 1140 mia
536 1064 833 1137 maximimuduli,
864 1062 931 1123 aula
958 1057 1069 1140 capitia
1088 1055 1191 1140 pietu-

447 1199 485 1239 ra
501 1172 672 1236 contentia.
715 1169 763 1227 Eu
789 1166 851 1244 jam
872 1160 948 1223 inde
967 1182 984 1220 a
1002 1157 1112 1219 Probe
1134 1153 1190 1216 eti·

448 1299 501 1341 am
533 1274 687 1334 minutam
716 1280 877 1327 monetam
907 1260 1040 1328 iurarit,
1075 1254 1192 1318 additia

451 1365 587 1462 queque
609 1366 755 1430 manibus
773 1366 860 1426 basta
887 1363 1067 1444 clypeoque
1092 1375 1193 1418 arme-

449 1481 512 1552 tir,
534 1485 588 1538 aut
610 1489 728 1553 equum
748 1465 844 1529 frene
863 1461 1089 1524 retinentibus.
1132 1457 1195 1516 Pe·

453 1595 610 1644 atremutu
642 1573 807 1652 Augustae
837 1579 923 1628 teter
954 1563 1047 1646 regio
1079 1569 1194 1619 ornatu

454 1679 647 1760 eanaptcuus
665 1686 851 1750 proponere
878 1664 1007 1746 placuit.
1053 1658 1133 1722 Inde
1156 1655 1195 1718 ab

453 1767 606 1846 He‘nerio
623 1773 655 1831 in
674 1772 801 1841 aureis,
825 1769 879 1850 qui
903 1764 997 1824 aelidi
1018 1772 1093 1823 runt
1109 1756 1196 1832 dieti,

454 1885 612 1944 eiatuutur
629 1871 738 1932 medie
760 1887 918 1949 corpere,
941 1864 1031 1926 vultu
1047 1858 1198 1922 intuenti·

351 2027 354 2053 ,
454 1983 517 2044 bue
545 1975 702 2047 adverae,
742 1966 923 2050 panopliam
954 1963 1076 2036 induti,
1106 1959 1197 2020 nimi·

455 2087 530 2142 rum
561 2075 704 2158 galeam,
741 2071 923 2142 thoracem,
963 2077 1030 2124 turn
1062 2061 1198 2123 dextera

443 2182 601 2249 bartam,
632 2172 759 2234 ainiatra
788 2168 937 2250 elypeum
962 2163 1198 2248 praeferentes,

459 2293 493 2344 et
509 2275 687 2339 ualidorum
705 2285 833 2354 parter,
857 2284 922 2330 tum
947 2280 980 2328 et
1000 2263 1088 2325 numi
1107 2259 1201 2325 aenei

458 2385 494 2443 in
515 2400 569 2442 aua
598 2374 792 2457 plerumque
818 2383 967 2453 pruteme
996 2365 1201 2447 requievere.

457 2477 659 2552 Verias‘aiiae
671 2491 778 2534 caueae
789 2469 965 2552 operosum'
978 2479 1083 2537 earet,
1106 2478 1202 2543 utque

414 2585 421 2594 “
458 2582 577 2644 inutile
596 2589 790 2645 recensere,
814 2581 848 2630 et
869 2567 1032 2640 docebunt
1051 2565 1141 2624 numi
1158 2563 1206 2622 iu·

460 2679 575 2766 epeeti.

471 2785 476 2796 “
524 2776 685 2845 Barbam,
708 2789 801 2853 quam
816 2767 933 2830 radere
952 2767 1048 2850 primi
1067 2763 1204 2847 Augusti

460 2877 526 2968 pre
555 2877 625 2961 ejua
646 2870 766 2935 *aetatie
790 2879 888 2930 ruore
911 2887 1133 2941 consuevere,
1165 2863 1204 2926 ab

461 2979 630 3043 Hadriano
659 2973 759 3036 tuisse
783 2984 986 3043 reveeetarn,
1026 2967 1103 3029 aiibi
1128 2965 1208 3027 dixi·

463 3105 548 3145 mus.
591 3075 703 3145 Valuit
717 3089 835 3132 nerum
856 3069 942 3132 ietud
959 3069 1139 3130 institutum
1157 3085 1208 3126 ur·

464 3203 530 3266 que
558 3177 598 3240 ad
625 3169 866 3240 Constantinum
892 3173 957 3241 M„
991 3171 1046 3252 qui
1069 3167 1208 3250 majores

464 3271 608 3346 imitatur
625 3277 700 3338 iere
724 3283 866 3332 mentum
884 3268 1085 3350 praehabuit.
1128 3267 1208 3350 Ejua

439 3379 655 3459 ‘exemplum
684 3372 890 3437 eeeuti‘aunt
919 3370 997 3446 iiiii,
1030 3383 1063 3432 et
1091 3369 1146 3452 qui
1169 3367 1209 3429 ad

467 3498 601 3570 gentem
631 3497 719 3540 tuam
748 3470 955 3556 pertinuere,
995 3468 1129 3555 dempto
1161 3471 1212 3532 lu.

465 3588 570 3661 liene,
601 3581 671 3654 eui,
702 3575 822 3660 quippe
851 3569 1068 3655 philosophe,
1098 3591 1212 3654 magna

468 3681 695 3772 pbilueepbiae
717 3695 790 3760 pura
813 3675 846 3734 iu
866 3672 964 3735 barba
981 3671 1042 3734 init
1060 3675 1211 3755 repetita.

468 3787 550 3850 lude
575 3781 743 3847 aloriano
766 3795 880 3838 omues
898 3775 1016 3837 iterum
1039 3773 1213 3856 imperato.

469 3911 527 3952 rea
544 3903 644 3970 genae
667 3880 814 3943 habuere
832 3876 933 3940 leret.
978 3875 1107 3938 Primae
1128 3876 1213 3937 Phe·

359 4026 362 4032 2
472 4011 526 4053 eae
546 3983 679 4048 barbam
706 3977 818 4060 eoepit
839 3973 1044 4059 adpendere,
1064 3995 1102 4037 ee
1125 3976 1214 4037 dein·

473 4107 551 4168 nepe
590 4101 705 4146 umnee
743 4097 847 4162 utque
884 4076 923 4139 ed
963 4075 1094 4158 imperii
1129 4074 1215 4137 exui·

475 4187 575 4250 dium.
617 4183 737 4244 Narrat
757 4176 888 4265 quidem
906 4175 1091 4252 cedrenue,
1112 4177 1216 4240 Hera·

473 4287 575 4354 elium
606 4279 710 4347 adhue
736 4280 896 4362 privatum
924 4279 990 4343 late
1023 4279 1215 4362 promineant

399 4388 401 4396 ¹
474 4389 593 4456 eluiete
626 4379 778 4456 barbam,
818 4379 876 4442 ted
904 4401 978 4443 eum
1009 4379 1148 4461 primum
1171 4379 1217 4444 ta·

477 4506 548 4559 etue
578 4498 628 4552 eat
654 4483 850 4565 imperator,
885 4481 1025 4556 alierum
1055 4481 1218 4564 Aegeate.

929 451 933 458 '
1039 432 1371 588 ¹curvetur.

1243 669 1316 712 rum
1345 667 1438 714 mere
1468 666 1613 723 remum,
1648 641 1845 734 barbimque
1882 659 1988 714 attau-

1244 751 1344 814 diaae.
1386 751 1507 814 Mirum
1537 769 1632 826 auae,
1670 749 1874 836 Dueangium
1903 749 1986 814 haee

1246 852 1389 914 Cedreni
1411 851 1508 916 rurba
1531 851 1721 913 recitantem
1738 852 1766 931 Ι)
1796 871 1862 913 nou
1887 869 1986 937 eppe·

1247 955 1350 1016 ruisse
1368 953 1486 1016 inuicta
1506 971 1695 1027 numerum,
1726 973 1807 1036 quoe
1838 952 1894 1016 vel
1915 953 1987 1035 ipre

1247 1055 1457 1136 vulgaverat,
1484 1053 1683 1129 testimonia,
1716 1055 1771 1136 qui
1793 1073 1907 1115 emneu
1922 1051 1988 1115 He·

1247 1147 1394 1229 raeiium,
1418 1155 1512 1237 etqui
1523 1155 1670 1237 proxime
1689 1153 1883 1237 praecurrit,
1904 1152 1992 1216 Pbo-

1248 1276 1318 1320 ιιι]
1349 1252 1499 1315 barbatos
1539 1255 1664 1324 sistunt.
1708 1257 1758 1316 An
1798 1253 1991 1330 verbimite,

1250 1359 1347 1422 elium
1366 1357 1488 1417 auitum
1506 1378 1523 1417 a
1538 1356 1725 1418 monetariia
1742 1356 1895 1417 tributum
1913 1353 1993 1416 suie-

1251 1481 1286 1522 ae
1301 1457 1471 1531 Heraeiiu,
1494 1479 1586 1540 quam
1599 1476 1663 1539 que
1679 1473 1794 1518 reuera
1811 1454 1883 1532 t'uit,
1898 1475 1993 1540 pree-

1252 1563 1346 1642 eipue
1361 1578 1432 1620 eum
1451 1555 1548 1618 barba
1567 1570 1632 1616 tum
1650 1558 1821 1619 nuvieaeet
1835 1555 1868 1618 in
1886 1558 1994 1638 Augu·

1254 1661 1310 1724 etia
1329 1657 1494 1740 exempli?
1540 1657 1650 1750 Quare
1673 1639 1863 1719 decentibue
1885 1655 1993 1718 nuntie

1254 1761 1394 1824 ePhoeu
1417 1761 1631 1840 imperatores
1652 1778 1765 1820 emnee
1790 1755 1995 1820 confidenter

1254 1861 1404 1923 bar-butue
1423 1871 1537 1922 statuo.
1560 1863 1679 1942 Neque
1698 1859 1833 1934 mirum,
1857 1857 1927 1940 eiua
1942 1877 1995 1920 ae·

1246 1963 1327 2044 „tatia
1346 1964 1510 2039 Augtatoa
1529 1959 1675 2024 Graecae
1693 1959 1869 2042 pleraeque
1885 1979 1997 2043 proet-

1254 2066 1327 2150 piae
1338 2059 1996 2125 abotttotarinorunbarbaabninuntinru

1257 2185 1349 2227 ruere
1364 2161 1586 2247 paullatim-ad
1606 2164 1714 2244 geutir
1732 2181 1807 2224 auae
1826 2173 1998 2225 contuetu-

1259 2265 1366 2328 dinem
1386 2259 1570 2326 deflexisse.

1321 2365 1498 2438 Diadenra,
1522 2377 1688 2446 gestamen
1717 2365 1795 2427 oiim
1819 2363 1942 2447 pepuie
1959 2361 2000 2424 fl.

1261 2468 1416 2542 invisum,
1445 2465 1592 2550 illudque
1621 2466 1746 2541 laurea,
1776 2466 1917 2526 radiiare
1945 2461 2002 2529 tle·

1262 2569 1427 2644 stitutum,
1449 2553 1581 2650 'primus
1605 2567 1682 2630 item
1709 2565 1830 2628 invexit
1847 2566 2002 2642 Ceretan-

1262 2670 1427 2742 tiarati..
1460 2683 1496 2730 ut
1519 2667 1552 2729 in
1582 2667 1676 2748 nujus
1695 2681 1824 2729 moneta
1850 2665 2001 2728 diximue.

1261 2770 1351 2832 idem
1370 2767 1593 2852 qunqueillnd
1612 2769 1811 2852 distinguere
1830 2765 2005 2830 unionibue

1263 2885 1296 2936 et
1312 2870 1448 2954 gemmis
1464 2867 1619 2946 instituit,
1643 2869 1729 2954 qued
1747 2891 1787 2932 ex
1804 2869 1908 2932 numia
1925 2865 2003 2952 ipeie

1264 2969 1433 3034 manifeste
1463 2984 1607 3054 apparet.
1664 2970 1752 3032 Talia
1788 2970 1913 3032 formae
1943 2967 2004 3030 fair

1265 3071 1411 3134 diadema
1436 3070 1549 3134 Iuliani
1569 3073 1607 3132 11.
1631 3071 1816 3158 testimo-nie
1836 3069 2004 3147 Ammiani,

1265 3187 1300 3238 ut
1323 3173 1460 3236 diximus
1482 3172 1558 3232 alibi
1574 3167 1616 3252 b).
1660 3173 1804 3262 Regium·
1819 3172 1906 3234 istud
1922 3169 2005 3254 eapi-

1267 3273 1307 3335 tia
1343 3285 1565 3337 ornamentum
1601 3271 1655 3334 diu
1685 3272 1840 3356 deinceps
1870 3271 2007 3350 durarit,

1268 3377 1329 3437 etri
1351 3395 1415 3437 nen
1432 3395 1508 3436 rare
1524 3372 1635 3457 galeae
1656 3375 1763 3436 lucum
1783 3373 1894 3436 eeaait.
1923 3371 2007 3442 Vide

1268 3477 1363 3539 etiam
1388 3476 1473 3538 dieta
1502 3475 1535 3536 in
1558 3487 1694 3541 tractatu
1716 3473 1756 3536 de
1787 3475 1877 3538 uultu
1897 3473 2009 3560 eapitie

1268 3581 1374 3660 Augg.
1394 3577 1499 3660 eapite
1514 3573 1555 3642 V·
1947 3647 1949 3656 Α

1280 3685 1284 3694 ’
1331 3675 1477 3750 Nimbus,
1500 3675 1724 3751 aeueireuiua,
1748 3677 1934 3741 uivediueur
1948 3677 2011 3741 eir·

1269 3798 1343 3840 eum
1367 3789 1481 3860 eaput,
1517 3779 1604 3863 quali
1626 3775 1784 3840 artificum
1812 3801 1925 3842 manua
1952 3779 2010 3842 bo·
2097 3790 2102 3801 “

1270 3877 1323 3940 die
1347 3877 1496 3941 dirorum
1523 3879 1676 3942 coelitum
1709 3879 1813 3960 capita
1835 3878 2012 3964 dintingue·

1269 3998 1308 4040 re
1331 3977 1455 4054 uolent,
1484 3979 1548 4042 boe
1573 3981 1668 4046 etiam
1691 3975 1872 4066 imperante
1894 3959 2011 4043 dumea

1272 4077 1451 4160 occuparit.
1494 4079 1639 4146 Verbum
1662 4087 1788 4148 nimum
1812 4083 1903 4147 varie
1931 4079 2010 4145 elim

1270 4179 1332 4242 fuit
1352 4192 1533 4262 acceptum.
1578 4179 1675 4275 Quod
1694 4184 1733 4246 ad
1752 4204 1823 4247 rem
1841 4183 2013 4246 numisma·

1272 4278 1368 4362 tieem
1393 4281 1554 4366 pertinet,
1581 4281 1642 4346 suit
1660 4283 1786 4348 nimbuu
1810 4299 1895 4349 teate
1913 4283 2013 4348 iside·

1274 4401 1313 4445 re
1329 4383 1359 4464 Β)
1373 4385 1519 4464 sauciolo
1541 4383 1723 4449 trenrema
1745 4409 1786 4450 eu
1803 4410 1882 4464 aare
1901 4395 2014 4450 meam

1274 4488 1310 4549 in
1327 4487 1445 4563 linteo,
1465 4489 1554 4568 quad
1570 4495 1619 4548 eat
1639 4490 1676 4552 ie
1686 4489 1795 4567 fronte
1804 4492 2013 4570 semime».

493 4623 2003 4659 ...----—--—-———-·h-—-—-——-——--—---——-

516 4701 549 4770 ι)
565 4698 691 4759 Diteert·
709 4700 736 4770 i·
749 4699 794 4762 67·
868 4692 904 4766 b)
922 4690 993 4754 Volt
1005 4691 1088 4756 vm.
1105 4707 1176 4771 με.
1193 4701 1256 4758 132·
1328 4697 1360 4770 e)
1381 4694 1419 4755 de
1434 4693 1521 4775 Orig.
1539 4693 1665 4768 lam.
1677 4707 1722 4763 31.
