4404 5564
467 803 893 901 Norsula
954 803 1489 932 messuere

631 1045 709 1110 ot:
750 1045 907 1118 vtt‘t
947 1045 1023 1110 ΕΤ
1066 1046 1335 1113 8οΒ1ΡΤ18

204 1233 673 1358 lossenl
742 1235 1194 1354 emnem
1264 1239 1749 1389 sennen,

584 1483 672 1542 ΟΜΝ
691 1486 834 1549 Pennus,
847 1487 886 1542 m
908 1489 1093 1542 sontem
1115 1491 1372 1546 annotatum

686 1681 739 1732 as
795 1659 842 1736 A.
891 1661 934 1738 Ia.
985 1661 1262 1754 Mtnnttt,

561 1857 667 1912 HUSEI
688 1859 944 1925 tN'rtQuttaunm
966 1863 1109 1916 etmsutt
1123 1865 1391 1917 consumunmt
1447 1935 1453 1950 .

277 1989 442 2092 rostrae
466 2024 714 2096 araneosa,
744 2027 795 2086 er
829 2027 878 2086 ex
905 2029 1077 2092 omnen
1102 2032 1296 2090 mronrrs
1329 2036 1471 2094 sarius
1502 2035 1678 2099 nenena

601 2247 605 2256 ·
663 2227 713 2274 n
755 2209 845 2278 En.
887 2214 975 2278 ΤΗ.
1016 2211 1293 2280 ROHLER.

207 2410 434 2524 Iosttt’flus
471 2397 678 2515 emamus
717 2451 895 2516 ECRHEL
909 2486 922 2527 ,
947 2436 1099 2528 natione
1123 2435 1358 2526 Austriaous,
1383 2436 1499 2534 patria
1527 2441 1751 2516 Eutrersfel·

208 2571 355 2665 densis,
397 2533 535 2672 genera
570 2571 728 2644 honesto
763 2570 960 2664 oriundus,
1002 2570 1141 2669 quippe
1175 2572 1278 2672 cujus
1314 2589 1420 2670 pater
1456 2573 1752 2650 administrandis

207 2699 541 2808 praediscimus
561 2702 622 2782 da
644 2703 876 2778 Zinzendorf
902 2721 1114 2803 praeesset,
1139 2721 1247 2777 natus
1267 2722 1326 2778 est
1342 2706 1413 2778 An.
1430 2721 1536 2790 ΠΜ.

305 2842 361 2930 Is,
387 2865 472 2916 oum
496 2865 518 2914 a
541 2837 680 2914 teneris
707 2836 917 2938 unguiculis
943 2837 1118 2934 singulari
1147 2837 1314 2911 discendi
1342 2839 1542 2938 cupiditate
1570 2838 1752 2941 flagraret,

208 2973 405 3077 admodum
427 3001 520 3074 puer
539 2973 671 3048 missus
696 2989 752 3048 est
780 2971 827 3046 ad
850 2971 971 3046 studia
992 2969 1199 3062 literarum,
1226 2972 1359 3070 quihus
1385 2973 1506 3046 statim
1524 2999 1546 3048 a
1561 2976 1753 3077 principiis

208 3125 313 3182 tanto
333 3108 464 3184 ardore
485 3107 588 3181 dedit
608 3132 757 3206 operam
769 3157 782 3198 ,
807 3124 849 3180 nt
869 3107 1075 3180 rudimenta
1095 3103 1242 3203 linguae
1267 3105 1403 3180 latinae
1428 3132 1538 3205 quam
1560 3109 1752 3185 celerrimo

209 3242 427 3330 imbiberat,
459 3257 572 3340 atque
599 3240 639 3314 in
665 3238 781 3313 literis
803 3240 927 3314 latinis
959 3257 997 3314 et
1018 3237 1194 3312 historiae
1218 3239 1373 3311 scientia
1396 3243 1640 3341 maximopere
1667 3268 1752 3342 pro·

209 3375 349 3451 ficeret.
383 3373 455 3450 Vix
480 3399 617 3450 annum
637 3371 817 3446 decimum
839 3390 1008 3472 quartum
1030 3386 1179 3470 egerat,
1205 3397 1287 3444 cum
1309 3376 1477 3450 Viennae
1504 3387 1561 3456 17·
1581 3375 1757 3460 Octobris,

209 3512 279 3582 An.
298 3525 402 3592 1251.
422 3507 462 3578 in
485 3477 682 3605 collegium
696 3505 914 3580 Iesuiterum
938 3523 1185 3605 cooptaretur.
1216 3507 1306 3580 Inde
1323 3509 1455 3583 Leobii
1475 3509 1513 3582 in
1531 3509 1654 3608 Styria
1675 3527 1751 3582 stu·

210 3645 271 3718 dia
300 3639 686 3716 humanioraabsolvit
706 3655 765 3731 et,
801 3636 850 3714 ad
871 3640 1073 3714 severiores
1095 3640 1306 3740 disciplinas
1330 3668 1557 3744 progressus,
1591 3643 1753 3743 philoso-

204 3779 341 3880 ¹phiae,
365 3775 518 3850 mathesi
537 3774 816 3874 ettheologiaa,
843 3771 1026 3871 simulque
1040 3773 1165 3882 studio
1182 3774 1330 3874 linguae
1343 3803 1497 3875 graecae
1509 3795 1546 3851 et
1556 3777 1751 3854 hebraicae

208 3937 359 4014 operans
381 3911 536 3986 navavit.
562 3913 611 3983 Et
628 3913 703 4013 jam
726 3927 833 3998 tuno,
861 3909 1002 3984 duabus
1027 3910 1108 3983 odia
1128 3909 1250 3984 latinis
1276 3909 1331 4008 θ),
1351 3912 1492 4009 quibus
1519 3913 1665 4011 nuptias
1691 3915 1749 3985 Io·

209 4047 316 4150 saphi
334 4049 377 4122 Π.
399 4045 625 4136 celebraret,
650 4045 690 4118 in
719 4044 840 4119 lucem
867 4044 1001 4136 editis,
1027 4044 1176 4144 egregia
1198 4045 1415 4120 eruditionis
1438 4044 1611 4168 classicae
1633 4047 1751 4148 speci·

209 4183 307 4258 mine
326 4181 506 4282 praebuit.

308 4313 441 4390 Postea
460 4316 641 4390 Viennam
662 4307 777 4390 redux
794 4317 866 4390 An.
883 4319 977 4400 troo
997 4307 1132 4388 dooere
1154 4309 1193 4387 in
1213 4309 1400 4390 academie
1418 4310 1644 4392 Therasiana
1665 4339 1750 4392 one·

209 4449 265 4550 pit
285 4448 447 4548 linguam
460 4427 616 4522 ¹setinum
626 4478 639 4544 3
667 4476 779 4550 porro
798 4450 837 4522 in
859 4448 1045 4524 academia
1067 4450 1212 4522 militari
1230 4451 1362 4551 Styrus
1383 4450 1430 4523 nd
1447 4437 1610 4525 Anesum
1633 4477 1751 4550 gram·

211 4585 378 4658 maticam
409 4600 448 4656 et
474 4583 716 4675 rhetoricam,
742 4585 905 4684 denique
924 4585 1093 4660 Viennae
1110 4585 1150 4656 in
1170 4587 1361 4685 gymnasio
1381 4585 1591 4662 academico
1611 4585 1658 4660 ab
1678 4589 1750 4661 An.
1773 4675 1778 4692 x
1884 4667 1891 4678 .

246 4850 275 4923 a)
295 4847 381 4905 Odae
394 4846 490 4915 duae,
519 4867 609 4925 quum
628 4801 780 4923 Josephus'
798 4847 835 4907 11.
856 4860 886 4906 et
905 4849 1051 4927 Josepha,
1070 4849 1209 4909 Bavariae
1230 4837 1391 4930 princeps,
1418 4853 1528 4930 nuptiis
1547 4854 1749 4930 jungerentur.

300 4943 432 5004 Viennae
447 4943 584 5001 Austriae
602 4947 670 5008 1765
685 4943 716 5000 in
730 4953 785 5006 tto,
