4476 5564
482 435 555 525 1426
638 531 648 538 ι
740 498 745 506 ,
1111 419 1306 496 CAPVT
1339 396 1386 493 X

721 621 726 630 ·
763 607 843 673 GE
869 608 955 669 TA.
1275 599 1401 686 quibu·
1433 601 1599 693 Augustae
1631 601 1697 666 dici
1718 606 1843 688 eoepit,
1876 616 2027 692 tentatum

507 775 508 778 Ἴ
1283 702 1496 786 reliquerint,
1528 705 1592 788 ipsi
1613 725 1693 768 vero
1715 707 1777 768 tiri
1806 707 1926 776 eruditi
1948 710 2026 770 solie

496 871 498 878 ,
546 799 680 903 Duplex
711 809 830 874 eodem
857 821 1008 890 tempore
1030 823 1226 888 peragemus
1284 803 1483 886 conjecturis
1498 805 1791 867 sententiameuam
1804 812 2026 886 tueantur,li-

420 967 423 974 .
482 939 639 994 examen,
662 916 823 1000 primum,
855 929 919 995 quo
946 928 1030 971 auno
1048 907 1150 968 Getae
1173 926 1243 968 eo··
1283 905 1371 967 eebit
1392 925 1429 966 re
1449 908 1590 969 curatius
1611 920 1776 968 certorum
1802 925 2027 974 monumento·

484 1022 623 1088 cernerit
646 1011 707 1080 uu'e
726 1037 798 1080 cum
814 1010 952 1094 Augusti
973 1009 1066 1070 titulo
1082 1007 1156 1071 trib.
1170 1027 1228 1092 po·
1283 1027 1356 1067 rum
1373 1026 1434 1086 ope
1455 1026 1598 1089 expetara
1614 1007 1710 1068 aliter
1726 1009 1866 1086 sentire,
1889 1025 1922 1072 et
1937 1016 2024 1096 quod

484 1137 603 1198 tentae,
633 1121 790 1192 alterum,
821 1133 886 1197 quo
910 1113 966 1174 illa
997 1109 1096 1173 modo
1127 1108 1228 1171 fuerit
1283 1107 1424 1194 probare
1454 1109 1608 1171 continuo
1638 1108 1829 1192 aggrediar,
1869 1115 2024 1176 collatum

481 1225 619 1300 iterata,
642 1218 730 1307 quod
744 1231 917 1298 utrumque
936 1211 1227 1275 eruditorumeen·
1283 1209 1421 1294 Augusti
1441 1210 1602 1272 honorem
1631 1210 1664 1271 in
1687 1233 1803 1272 annum
1833 1229 2023 1298 sequentem

482 1327 601 1390 tentiae
617 1320 775 1383 distraxit.
819 1315 1011 1389 Penviniue‚
1040 1311 1227 1376 Mediobar·
1281 1313 1322 1380 V.
1342 1312 1473 1394 C.q(te‚
1495 1313 1532 1372 P.
1551 1309 1669 1395 Met)
1690 1310 1839 1376 differre.
1883 1321 1964 1378 Rem
1990 1332 2025 1378 ut

482 1405 563 1502 But,
595 1419 824 1487 Tillemontiue
854 1430 888 1478 et
916 1415 1067 1498 plerique
1089 1415 1229 1477 chrono-
1284 1413 1403 1477 oluriue
1427 1412 1470 1474 ob
1493 1410 1606 1475 oculor
1630 1432 1766 1494 ponem,
1797 1434 1938 1499 sequeno
1960 1419 2025 1481 dia·

483 1529 555 1612 logi
584 1515 640 1589 alii
670 1523 786 1586 Getem
808 1519 848 1584 V.
871 1518 910 1582 C.
930 1518 1014 1600 qut,
1042 1516 1081 1580 P.
1103 1517 1143 1577 X.
1166 1515 1228 1577 208
1286 1512 1836 1600 grammaeoucinnavi,cujuspare
1854 1520 2024 1600 prioreen·

484 1628 606 1691 dietum
624 1627 823 1709 Augustum,
847 1632 880 1683 et
898 1617 972 1680 trib.
992 1629 1153 1709 potestate
1172 1615 1228 1676 do·
1285 1615 1418 1677 tentiam
1437 1613 1642 1678 mediobarbi
1663 1628 1727 1678 tam
1740 1632 1888 1702 spectato
1906 1621 2026 1704 prinei·

485 1744 615 1805 netum,
649 1741 682 1788 et
712 1723 844 1807 quidem
882 1734 1052 1808 autequam
1084 1719 1227 1786 Severua
1283 1719 1340 1802 pio
1357 1715 1493 1779 collatae
1512 1718 1582 1799 ejus
1606 1716 1783 1798 diguitatis,
1815 1711 1908 1804 quaffi
1928 1721 2026 1783 modo

484 1846 581 1916 peter
601 1827 642 1892 ad
664 1827 788 1888 bellum
810 1821 1032 1884 Britannicum
1055 1822 1128 1881 eum
1150 1816 1226 1878 filiis
1282 1819 1415 1900 repetiti
1439 1816 1499 1878 rab
1527 1817 1665 1880 natalem
1687 1819 1817 1902 imperii
1835 1820 2025 1899 tribunatus,

484 1934 611 2003 exiret,
634 1929 862 1992 adeeruerunt.
907 1923 987 1982 Cum
1006 1921 1157 1984 auctores
1174 1939 1228 1982 ve·
1283 1941 1357 2004 pare
1378 1921 1481 1980 altera
1501 1919 1694 1980 sententiam
1718 1943 1842 1996 meam,
1874 1943 1956 2005 quae
1978 1925 2026 1984 in·

420 2081 422 2088 ,
482 2023 590 2108 teres,
620 2031 676 2115 qai
705 2048 758 2091 ree
789 2037 896 2109 gestae
918 2025 1021 2087 Getae
1049 2023 1226 2084 memoriae
1285 2035 1383 2083 eunte
1406 2038 1489 2081 enno
1512 2021 1687 2108 repetitum
1704 2021 1900 2087 tribunatum
1917 2023 2025 2100 docet,

482 2131 679 2218 prodidere,
703 2148 810 2214 neque
834 2147 970 2203 annum,
999 2143 1106 2209 neque
1128 2123 1227 2201 diem,
1283 2121 1448 2208 proponit.

844 2391 851 2410 A

752 2429 768 2511 J
848 2441 1016 2506 Sententia
1038 2438 1248 2501 Mediobarbi.
1684 2437 1855 2500 Sententia
1872 2437 2024 2500 auctori-e.

923 2637 964 2698 A.
1081 2633 1121 2698 B.
1785 2635 1822 2698 C.
1923 2633 1965 2694 D.

491 3355 495 3364 x
585 3288 670 3368 quel
741 3286 915 3367 ‚motu
934 3285 1012 3368 rut
1048 3289 1070 3348 1.
1094 3289 1134 3346 ιι.
1174 3283 1336 3365 inicitur
1357 3243 1573 3344 urrunnun.
1710 3285 1880 3369 {tus}
1934 3293 1973 3352 11.

466 3481 469 3486 Ι
584 3411 673 3488 qual
784 3405 1012 3485 err.llll.lV.l
1042 3407 1143 3464 ll.lll.
1172 3404 1177 3485 Ι
1206 3407 1716 3488 MoriturSereruelV0Febr.l
1766 3413 1818 3475 lv.
1877 3411 1882 3492 Ι
1932 3415 1985 3474 lll.

472 3617 2020 3651 W

542 3849 655 3916 Litera
686 3851 717 3912 A
752 3845 978 3922 Medionem,
1018 3845 1246 3936 aliorumque¹
1282 3863 1412 3909 eaerum
1428 3865 1503 3908 eum
1520 3835 1656 3908 udeerit.¹
1681 3849 1772 3930 Ergo
1791 3847 1931 3933 demptio
1947 3869 2024 3933 pen-

479 3954 672 4014 tenteutiam
713 3950 858 4014 exhibet.
921 3947 1110 4010 Secundum
1140 3945 1223 4007 hane
1280 3947 1599 4009 eiadiebueatanum
1623 3947 1798 4027 integrum.
1840 3950 1927 4012 Atei
1946 3965 2024 4015 tam·

481 4054 663 4117 tribunatuo
692 4053 829 4114 iteratur
858 4050 912 4114 die
948 4051 1047 4112 uateli
1081 4047 1223 4132 imperii,
1281 4046 1338 4109 diu
1359 4045 1488 4126 derepit
1502 4049 1557 4115 lv.
1576 4049 1628 4111 hie
1649 4051 1847 4126 tribuuntur,
1870 4073 1930 4116 eur
1952 4053 2023 4134 ejus

478 4153 567 4240 quod
593 4154 749 4217 collatum
772 4153 844 4236 ipae
869 4153 980 4216 statuit
1002 4151 1096 4214 nonis
1113 4149 1224 4212 Martii
1280 4149 1335 4213 vix
1351 4169 1453 4223 unua,
1476 4149 1602 4214 alterve
1622 4167 1753 4232 ruperat
1773 4175 1908 4231 numus,
1930 4157 2022 4220 utin

480 4257 520 4325 V.
549 4255 586 4318 C.
615 4251 688 4337 qiu.
742 4254 786 4314 At
814 4254 909 4318 feoile
940 4251 1173 4317 Mediobarbua
1202 4272 1222 4312 a
1280 4247 1534 4314 moneteGetae
1556 4251 1596 4314 ad
1620 4275 1739 4317 annum
1754 4257 1795 4324 V.
1816 4257 1852 4318 C.
1875 4259 2025 4342 qbdmo·

476 4361 584 4424 namin
614 4358 695 4442 ipeie
725 4354 901 4419 refellitur.
951 4355 1003 4416 Ex
1032 4353 1102 4434 ejue
1134 4352 1222 4416 enim
1277 4351 1350 4428 uui,
1381 4373 1454 4416 eam
1483 4366 1590 4416 tamen
1624 4356 2023 4424 ultorumaribauatuam

476 4461 604 4527 ealculo
630 4459 735 4523 Getee
759 4457 941 4522 tribunatus
960 4457 1014 4525 lv.
1036 4453 1145 4538 eoepit
1165 4471 1224 4517 uo·
1277 4452 1369 4519 numi
1382 4453 1571 4521 abundent?
1604 4458 1735 4522 Deinde
1752 4475 1898 4539 constat,
1922 4464 2023 4527 Sere·

477 4565 529 4628 nia
550 4563 677 4628 Alartiie
706 4562 747 4629 V.
770 4561 806 4625 C.
836 4562 919 4646 qua,
949 4572 984 4622 et
1013 4558 1142 4622 durarit
1170 4577 1223 4620 ut·
1277 4577 1351 4620 runt
1383 4555 1436 4620 die
1467 4560 1523 4629 1v.
1554 4559 1728 4636 Februerii
1757 4564 1899 4628 Eboreci
1935 4586 2023 4627 mor-

474 4685 541 4754 que
566 4663 607 4762 ad
627 4665 668 4738 Y·
690 4663 765 4729 Kal.
790 4661 924 4727 Martiae
947 4659 1023 4727 aurai
1047 4657 1129 4748 965,
1159 4682 1223 4746 qua
1278 4671 1378 4724 tuum.
1422 4661 1582 4729 Currebat
1614 4675 1680 4728 tam
1713 4666 1817 4732 Getae
1841 4667 2021 4736 tribunatuo
