4482 5560
1074 397 1271 512 cniva
1302 374 1352 522 1.
1441 415 1445 426 ’

428 643 514 703 tum,
545 638 650 707 aquo
671 635 773 682 annus
794 613 1002 696 inscribitur,
1023 617 1172 704 cuiquam
1230 617 1466 695 obstrinxerat,
1498 619 1639 682 maxime
1667 614 1904 701 ignoscendum
1934 621 1974 683 il·

425 717 663 798 sscouccdersut.
706 716 834 813 Quare,
868 715 992 802 inquit,
1026 719 1174 783 insolens
1229 719 1303 798 lud,
1335 721 1423 804 quod
1440 735 1572 803 ¹equum
1602 721 1789 784 consulatus
1819 741 1973 806 capacem

328 907 332 916 ς
427 831 525 914 plane
546 826 668 901 risum,
691 819 914 890 Theudoriam
935 823 982 884 Μ.
1006 817 1094 884 huuc
1114 819 1174 885 lto·¹
1229 820 1382 889 credidit.
1424 820 1523 915 Quod
1554 817 1661 904 igitur.
1685 817 1785 888 unum
1813 825 1843 888 is
1874 825 1975 907 magi·

427 951 544 994 uorem
571 929 606 992 in
633 923 927 1011 quinquennalibus
956 922 1095 988 maritae
1116 923 1173 986 Sa·
1229 937 1347 988 stratus
1365 923 1521 1008 deinceps
1534 923 1711 1011 praestitit,
1734 925 1910 1009 explicavit
1923 929 1974 990 Iu·
2038 967 2045 980 ·

429 1033 562 1096 turnino
583 1027 709 1112 privato
726 1027 767 1109 ⁸).
1229 1025 1334 1090 lienus
1363 1028 1448 1110 Aug.
1463 1017 1501 1109 l⁰)
1539 1026 1690 1089 nimirum
1716 1031 1858 1109 pnsmts
1887 1033 1975 1094 uelut

491 1133 564 1198 Cel.
585 1129 705 1212 Pagina
732 1127 846 1210 plures
874 1127 954 1193 alias
974 1125 1187 1211 suscipiendi
1225 1132 1405 1210 praemium
1420 1133 1579 1212 quoddam
1597 1140 1661 1206 est,
1684 1151 1724 1194 ac
1742 1150 1860 1194 marces
1876 1133 1975 1194 stras-

429 1234 615 1302 consulntus
647 1250 759 1294 causas
789 1229 945 1306 contulit,
982 1230 1172 1293 nominatim
1229 1234 1291 1305 ts's,
1327 1239 1387 1293 aut
1411 1233 1504 1312 fidei,
1541 1239 1612 1293 cut
1629 1233 1866 1295 beneuolentiae
1895 1251 1974 1315 mon

429 1351 585 1406 uotorum
613 1314 840 1396 decennalium
871 1331 1035 1409 solennis,
1064 1330 1174 1396 conle·
1225 1305 1404 1420 prinbs‘psa,
1426 1341 1486 1394 cut
1504 1333 1621 1394 animis·
1640 1335 1780 1410 attcsjsa
1798 1335 1973 1413 facinoris,

431 1441 522 1524 giam
559 1435 702 1501 consulis
732 1429 896 1510 Caesaris,
934 1433 990 1496 vel
1022 1433 1186 1516 Augusti,
1227 1427 1428 1512 prinothibos
1451 1453 1526 1496 oero
1550 1434 1630 1511 ipsis
1653 1437 1700 1494 cd
1713 1453 1752 1495 ec
1769 1436 1868 1509 borsa,
1890 1455 1975 1518 quas

430 1538 657 1626 expeditiones
686 1536 862 1611 militares,
892 1533 1094 1616 triumphos,
1125 1534 1175 1594 lu·
1222 1539 1300 1612 jam
1310 1535 1493 1613 possident,
1515 1529 1603 1598 adut
1625 1535 1765 1618 decoris,
1787 1543 1820 1596 et
1841 1529 1976 1600 amans
2006 1545 2010 1552 '

430 1643 490 1705 dos
518 1638 717 1712 saeculares,
750 1650 847 1720 atque
874 1637 1009 1718 iusuper
1037 1633 1175 1720 templo·
1231 1635 1373 1698 acroasin
1393 1644 1451 1697 est.

429 1763 519 1820 rum,
542 1741 761 1814 theatrorum,
790 1737 1011 1812 colossorum,
1033 1737 1175 1800 thermu·

354 1825 360 1830 '
429 1867 504 1910 rum
525 1841 757 1908 dedicationes.
796 1839 904 1929 Quam
924 1839 953 1901 is
973 1837 1176 1920 'argumentis

430 1946 539 2032 vagis,
587 1939 740 2016 incertis,
782 1939 987 2024 nullumque·
1016 1936 1175 2001 habituris

429 457 503 526 3³2
630 515 633 524 .

1425 1817 1735 1966 bwm

395 2059 400 2070 ’
431 2047 603 2112 adsensum
640 2043 825 2107 universam
855 2041 939 2106 hanc
970 2061 1097 2104 canaam
1120 2038 1177 2102 'ni-

428 2164 517 2214 tatur
539 2143 705 2218 stabilire,
724 2142 864 2226 diximus
886 2141 947 2207 sub
967 2142 1095 2208 initium
1116 2141 1175 2204 hu·

400 2259 403 2268 '
429 2253 479 2334 jus
515 2257 679 2328 tractatus.
721 2244 911 2310 Generatim
941 2257 1050 2328 potest
1079 2243 1176 2308 adtir-

429 2351 527 2427 mari,
550 2347 818 2432 imperatoribus,
841 2350 923 2412 utin
938 2347 1106 2432 plerisque
1123 2365 1175 2412 re·

428 2453 490 2516 bna
516 2450 608 2524 aliis,
635 2459 736 2513 unum
758 2449 927 2512 arbitrium
950 2451 1050 2514 inisse
1072 2448 1174 2514 adsci-

1294 2034 1503 2114 Consulutus,
1534 2051 1704 2124 autequam
1726 2037 1824 2124 plane
1845 2040 1993 2106 occide-⁴

1231 2149 1299 2212 ret,
1329 2137 1437 2201 ramae
1466 2137 1573 2202 adhuc
1601 2139 1727 2203 formae
1758 2155 1834 2204 suut
1862 2143 1991 2208 obserr

1232 2237 1372 2316 tardae,
1404 2240 1463 2304 aed
1493 2241 1581 2326 quod
1607 2255 1835 2324 argumentum
1863 2247 1974 2326 paucis

1230 2361 1486 2428 persequemur,
1507 2344 1582 2426 quia
1601 2342 1641 2405 ad
1658 2343 1826 2408 historiam
1842 2345 1974 2430 quidem

1231 2445 1303 2528 ejus
1327 2445 1399 2510 aevi
1422 2445 1615 2528 plurimum,
1636 2444 1717 2506 nihil
1737 2463 1819 2514 vero
1841 2447 1974 2513 adrem

428 2553 636 2630 scenderum,
649 2548 938 2637 iterandorumque
948 2551 1173 2617 consulatuum

432 2676 572 2722 causam.

1230 2547 1485 2610 numismaticam
1533 2545 1671 2630 amplius
1715 2547 1857 2616 confert.
1909 2549 1976 2646 Qui

1229 2651 1325 2736 plura
1349 2652 1453 2733 cupit,
1483 2649 1577 2715 adeat
1598 2662 1673 2734 pust
1695 2650 1886 2716 Pansiuiuut
1916 2657 1974 2717 Pa·'

1231 2750 1278 2834 gii
1305 2749 1543 2816 dissertationis
1573 2751 1741 2837 hypatioae
1768 2766 1895 2837 partem
1917 2757 1975 2822 111.

1227 2852 1306 2919 iude
1331 2879 1348 2920 a
1368 2875 1443 2942 pag.
1462 2855 1555 2919 sou:

1295 2962 1484 3022 Consulatus
1509 2959 1664 3020 dimidius
1677 2953 1871 3034 dicabatur,
1900 2980 1974 3022 cum

1231 3078 1295 3120 nno
1325 3069 1448 3120 tantum
1478 3058 1629 3134 consule,
1663 3056 1795 3121 nemine
1825 3062 1974 3144 conlega,

429 3172 623 3247 potestatem
646 3156 839 3240 subjecere,¹
872 3157 913 3221 ad
935 3159 1088 3222 consules
1109 3181 1175 3222 am·
1230 3159 1407 3223 constabat.
1452 3159 1541 3220 'l'slis
1567 3158 1631 3240 jam
1658 3157 1721 3220 fuit
1747 3159 1838 3223 nullo
1865 3161 1975 3228 hants-

428 3265 514 3347 plius
544 3282 610 3324 non
637 3259 796 3343 pertinuit
822 3259 911 3324 bella
938 3261 1020 3324 ioris
1043 3279 1174 3346 gerere,
1230 3281 1291 3322 nus
1310 3259 1462 3344 exemplo
1481 3281 1565 3322 anno
1588 3263 1630 3328 V.
1649 3261 1684 3322 C.
1702 3279 1765 3343 pon
1788 3263 1975 3329 consulatus

428 3379 484 3430 sut
512 3363 709 3448 providere,
747 3382 790 3426 ne
819 3383 908 3448 resp.
940 3361 1173 3426 detrimentum
1231 3363 1287 3424 111.
1312 3365 1370 3426 Cn.
1392 3361 1544 3444 Pompeii
1565 3364 1627 3439 NL,
1658 3363 1714 3446 qui
1742 3363 1833 3428 solus
1860 3365 1896 3428 in
1922 3385 1977 3432 co·

427 3467 587 3552 patiatur,
618 3462 676 3528 sed
699 3464 823 3546 Romae
845 3465 879 3526 iu
900 3485 963 3528 una
983 3485 1041 3529 sua
1063 3463 1175 3528 trabea
1232 3461 1330 3525 mitiis
1359 3461 1429 3525 aine
1454 3464 1594 3549 conlega
1621 3463 1748 3528 electus
1778 3479 1830 3530 est
1850 3469 1976 3534 consul.

428 3567 597 3652 conspicui
628 3585 690 3650 pro
719 3567 845 3648 magnis
872 3565 1004 3654 imperii
1033 3567 1174 3649 negotiis
1231 3568 1276 3634 Vt
1292 3579 1359 3628 tum
1377 3565 1541 3630 dissensus
1558 3567 1677 3632 citium
1694 3567 1865 3634 insolentis
1879 3571 1978 3656 hujus

428 3673 534 3736 coacti
563 3683 637 3734 sunt
666 3668 815 3752 ignobile
847 3669 950 3732 otium
980 3665 1173 3734 consectari.
1231 3667 1309 3732 iacti
1344 3687 1439 3731 causa
1471 3667 1550 3744 luit,
1583 3667 1628 3732 iti
1663 3671 1762 3734 etiam
1795 3671 1978 3756 imperante

429 3777 535 3838 Recte
558 3792 640 3856 ergo
662 3769 744 3832 dixit
759 3771 973 3842 Mamertinus
994 3770 1037 3834 da
1059 3791 1177 3836 consu·
1232 3771 1362 3833 demum
1385 3771 1598 3834 Constantino
1621 3775 1668 3838 hl.
1689 3773 1855 3839 dissensus
1876 3775 1990 3859 pluri-¹

428 3874 565 3952 latibus,
587 3871 661 3938 sed*
672 3875 746 3940 ausi
770 3873 973 3957 imperatorii
987 3872 1041 3957 ΒΥ.
1062 3880 1097 3938 s'ss
1119 3880 1176 3938 ad·
1232 3895 1287 3938 um
1309 3872 1549 3958 imperantium.
1583 3875 1669 3938 Saus
1690 3877 1803 3960 plures
1824 3889 1973 3948 veterum

427 3979 721 4043 nst‘rts'stratt'ont'bua
738 3980 830 4040 labor
845 3980 961 4040 honori
974 3971 1173 4059 oth'nnpits'sr,
1231 3975 1305 4039 isati
1332 3995 1433 4040 anuos
1461 3988 1535 4060 post
1561 3973 1727 4040 Christum
1757 3977 1820 4042 310
1849 3990 1884 4042 et
1910 3975 1973 4040 312

428 4082 647 4143 inconsolatus
664 4080 764 4140 honos
779 4082 848 4140 sine
865 4082 976 4142 laboro
991 4083 1174 4158 suscipitur.
1232 4077 1305 4140 solo
1323 4077 1480 4142 Maxentii
1498 4077 1669 4143 consulatu
1687 4093 1855 4144 notavere.
1898 4079 1977 4140 Plu·

427 4177 533 4261 Magis
559 4189 669 4240 amare
693 4175 933 4257 Cassiodorius,
962 4197 1060 4262 quum
1084 4181 1112 4258 §.
1133 4175 1174 4244 x.
1231 4197 1287 4242 res
1310 4178 1389 4241 alias
1415 4179 1522 4243 manci
1546 4183 1732 4246 consulatus
1758 4199 1871 4246 causas
1897 4169 1975 4248 vide

320 4263 331 4374 ’1
427 4277 615 4354 citabimus,
650 4275 737 4342 istud
768 4277 1072 4344 consulnm'otium
1100 4301 1176 4368 per·
1231 4279 1854 4370 apudPagiumindespsg.dtol.c.
1967 4297 1970 4306 ⁴

427 4383 576 4469 stringit,
608 4379 735 4464 fuitque
756 4377 840 4444 adeo
861 4399 904 4445 ex
925 4380 1106 4444 innumeris
1127 4382 1175 4444 iu·
1294 4377 1597 4463 Consuloss'ontals's‚
1613 4389 1871 4452 stmndsnsatts.
1893 4387 1978 4454 Con·

427 4485 534 4552 suniae
565 4483 804 4582 argumentis„
820 4481 936 4568 quibus
958 4482 1107 4566 Caligula
1136 4502 1172 4549 aa
1229 4485 1389 4549 stantinus
1415 4487 1463 4552 Μ.
1499 4485 1606 4552 diuiso
1639 4487 1673 4550 in
1709 4485 1903 4568 Orientem,
1942 4502 1977 4555 et

463 4668 1595 4771 fflfflummmmmnmm

739 2845 862 2949 tm

492 3061 545 3122 Ex
560 3075 624 3142 quo
639 3055 805 3141 principes
819 3075 950 3121 omnam
965 3019 1100 3120 arbitrio
1114 3079 1173 3122 tuo
