4440 5550
791 385 1074 460 IVLIANVS
1117 387 1162 460 Il.
1263 385 1267 396 '
1684 409 1753 472 131

219 587 308 642 tante
322 557 427 660 tnag'is
443 570 613 654 ntrinsque
638 567 669 630 iu
691 564 871 631 Cbsistisna
897 577 962 630 stu·
1020 565 1226 650 philosophia
1242 563 1316 649 jure
1333 567 1551 644 condemnat,
1584 571 1683 638 facile
1699 591 1769 636 cre·

218 678 279 744 tiis
293 675 506 752 irascebatur,
521 682 640 754 quanto
654 665 963 753 impensiusutsunt·
1021 665 1094 744 dat,
1129 668 1253 731 nemini
1289 668 1407 730 mirum
1442 671 1625 747 videbitur,
1669 674 1765 737 lulia-

218 799 301 866 qne,
333 797 370 840 sc
401 773 552 860 priuatim
583 768 805 846 Constantium
827 779 965 852 propter
1021 788 1098 832 num
1120 769 1263 834 libenter
1293 770 1478 854 amplexum
1509 773 1626 836 tradita
1655 775 1768 864 eisita-

218 879 419 948 eontinnatss
443 875 559 936 domus
587 889 664 932 susc
692 867 810 932 caedes
839 866 964 940 oderat,
1023 883 1089 931 turn
1132 869 1173 932 ab
1216 871 1328 934 uitiosa
1371 873 1559 957 antiquitate
1601 873 1765 956 prodigia,

219 995 255 1046 et
286 977 395 1043 odisse
426 973 548 1036 debuit.
598 971 690 1054 Ergo
720 989 793 1032 cum
823 969 964 1060 primum
1021 971 1185 1054 quaejam
1211 985 1278 1034 tum
1304 971 1448 1038 aniculas
1470 975 1558 1036 inter
1583 994 1770 1059 puerosque

219 1090 384 1164 Angustus
401 1077 470 1139 sine
485 1071 615 1136 aemulo
629 1071 702 1145 luit,
722 1089 873 1134 reserare
889 1067 967 1131 deo·
1021 1073 1075 1133 six
1102 1068 1202 1133 iidem
1233 1073 1371 1158 amplius
1401 1095 1573 1157 reperere.
1626 1076 1767 1140 Min-acu·

219 1203 291 1248 sum
332 1177 472 1262 templs,
514 1175 593 1238 illuc
628 1171 749 1236 hostias
777 1167 963 1234 incredibili
1019 1172 1086 1233 lusu
1114 1173 1267 1239 Claudiae
1294 1175 1456 1252 Vestalis,
1488 1197 1571 1260 quse
1600 1176 1669 1238 sola
1697 1179 1767 1242 Ma·

219 1297 358 1348 numero
380 1280 533 1364 adigere,
564 1277 633 1358 ipse
656 1272 764 1336 securi
785 1271 962 1335 admovere
1019 1272 1079 1335 tris
1096 1270 1193 1335 denus
1217 1274 1324 1338 narina
1345 1273 1486 1358 adligata
1512 1297 1596 1340 sons
1615 1293 1770 1355 traxerat,

222 1401 369 1456 memma
413 1381 458 1443 ⁸¹0
495 1391 530 1440 ῦῑ
558 1375 757 1441 ῖὶθὶῑῐῃθῑῖῦῑ
793 1391 854 1454 1³⁰¹·
883 1369 967 1432 lulli·
1023 1375 1179 1439 eumlate
1200 1372 1401 1451 enarrasset,
1424 1375 1504 1440 haee
1523 1379 1677 1441 continno
1698 1381 1772 1442 sub·

93 1525 96 1531 -
222 1481 328 1544 briunt
345 1480 529 1552 diceretur,
554 1477 621 1561 ipse
640 1485 848 1560 comportare
867 1471 965 1555 ligna,
1021 1473 1117 1556 jecitt
1149 1482 1436 1560 quanquamses‘o,
1459 1482 1628 1543 nonnullos
1652 1502 1694 1544 ec
1715 1486 1770 1554 s's‘s,

223 1583 405 1648 accendere
428 1581 555 1656 iocum,
579 1572 768 1640 exsecandis
791 1593 809 1636 e
832 1571 966 1636 cadere·
1022 1579 1078 1659 pm'
1098 1579 1195 1640 nimis
1217 1588 1293 1638 sont
1315 1582 1493 1658 sapientes,
1517 1583 1595 1640 haee
1617 1591 1771 1664 tanquam

220 1683 310 1746 ribus
340 1681 423 1744 estis
450 1683 612 1761 Augustas
639 1689 812 1738 cruentare
841 1695 963 1746 nssnus,
1022 1680 1282 1740 muliercularum
1291 1681 1510 1741 intolerabiles
1520 1699 1623 1758 nopes
1637 1691 1773 1742 corsuna·

219 1785 324 1867 iisque
353 1779 564 1865 inspiciendis
598 1774 872 1860 consulendisque
912 1771 965 1836 sd·
1018 1785 1142 1853 ptores.
1166 1779 1256 1862 ¹Ms‘ks'
1272 1797 1345 1841 cero
1366 1782 1553 1842 civitatibus
1567 1782 1647 1858 ipsis
1666 1786 1772 1859 masor

220 1897 351 1948 vertere
384 1883 545 1958 snimnsn,
583 1899 677 1964 quam
709 1873 865 1940 insaniam
896 1894 968 1956 grs-
1022 1879 1169 1938 labendo
1180 1880 1260 1958 fides
1276 1881 1417 1952 videtur,
1440 1901 1536 1962 quarn
1560 1883 1774 1943 scs'ts'sctele-

219 1984 306 2048 riter
321 1983 512 2066 perstrinxit
530 1979 717 2044 Ammianus
731 1977 823 2060 ipse,
846 1989 879 2037 ut
898 1973 967 2037 ido-
1021 1980 1277 2056 quotiensnon,
1298 1999 1432 2060 quorum
1451 1981 1596 2042 animula
1615 1983 1772 2063 arripui·
1843 1967 1849 1974 ’

220 2083 327 2148 lorum
348 2083 471 2166 cultor,
504 2083 551 2144 sic
572 2078 672 2162 judex
697 2073 909 2161 aequissimus
925 2075 967 2157 ¹).
1024 2080 1094 2138 dens
1120 2079 1228 2138 s'ssdole
1247 2083 1398 2156 paedico
1419 2089 1486 2152 est,
1517 2085 1577 2142 sed
1596 2085 1681 2142 nihil
1697 2087 1773 2144 sosss'

223 2181 574 2254 benesonantibus,
606 2179 683 2240 risis
701 2173 879 2240 secuudum
900 2174 969 2260 qni·
1024 2179 1169 2240 contueri
1188 2185 1304 2253 potest.
1346 2178 1437 2238 Haeo
1461 2195 1534 2239 onus
1558 2180 1664 2261 legis,
1688 2179 1772 2242 ando

172 2319 179 2332 ·
222 2297 328 2359 etam,
355 2282 516 2368 prodigiis
533 2277 714 2342 miseranda
735 2277 966 2358 superstitione
1024 2273 1255 2360 philosophum
1283 2274 1440 2338 lulianum
1467 2297 1541 2340 curn
1573 2278 1771 2363 philosopho

222 2385 322 2450 iidem
345 2384 487 2456 habere,
520 2379 638 2462 vigiliis
666 2377 863 2463 jejuniisque
893 2395 966 2440 sese
1025 2375 1182 2458 Arpinate
1207 2395 1417 2459 componere.
1461 2365 1535 2439 Hoc
1560 2397 1619 2441 sno
1639 2380 1769 2444 adiectu

222 2487 262 2551 sd
289 2487 426 2550 deorum
451 2501 622 2544 occursum
640 2497 854 2562 praeparare,
885 2495 967 2562 qnos
1025 2495 1099 2538 cnm
1117 2476 1325 2559 exstinguere
1345 2476 1561 2542 Christianum
1580 2499 1773 2544 nomencu·
1861 2481 1877 2502 ⁸

223 2607 320 2674 suepe
350 2605 392 2648 ex
423 2582 566 2668 Olympo
595 2579 822 2654 descendisse,
861 2590 896 2639 ut
926 2575 966 2640 sd
1024 2589 1136 2660 peret,
1157 2576 1537 2654 nonillochristianos,
1559 2577 1773 2662 quodsmo.

221 2693 376 2752 omssinus
399 2707 494 2750 sunm
513 2683 712 2754 inviserent,
734 2677 804 2761 ejus
824 2677 968 2740 suaviter
1025 2677 1114 2738 ribus
1146 2677 1212 2740 suis
1242 2676 1384 2742 alienum
1414 2691 1499 2756 erat,
1529 2681 1702 2744 tormentis
1723 2683 1771 2745 in·

86 2791 91 2802 ¹
222 2789 399 2872 contigisse
418 2807 532 2852 manns
555 2786 749 2866 crinesque,
779 2791 813 2842 et
839 2780 969 2844 tamia-
1026 2778 1144 2842 sectari
1180 2778 1300 2860 soluit,
1339 2779 1398 2844 scd
1427 2779 1533 2844 modis
1563 2781 1656 2860 aliis,
1689 2804 1771 2866 quos

221 2891 395 2953 miliariter
423 2887 484 2951 illo
510 2905 606 2964 usos,
638 2896 674 2948 ut
702 2880 743 2946 sd
772 2892 968 2958 extremum,
1026 2880 1116 2942 omni
1154 2881 1346 2946 crudelitate
1380 2881 1581 2947 valentiores
1611 2883 1772 2969 sperabat.

222 3011 304 3074 quac
341 2990 383 3052 sit
419 2989 524 3061 lovis,
564 3002 648 3070 quae
687 2983 856 3047 Minervae
892 3003 967 3058 vox,
1023 2981 1149 3044 Eorum
1178 2984 1265 3045 enirn
1296 3002 1417 3069 pueros
1446 3005 1464 3047 s
1495 2981 1580 3046 ludis
1612 2984 1769 3050 literariis

222 3111 305 3176 quse
337 3088 500 3174 Apollinis
527 3085 653 3158 forma,
688 3103 770 3170 quae
800 3082 968 3160 Herculis,
1025 3083 1147 3158 arcuit,
1168 3101 1210 3145 ne
1230 3082 1660 3168 adultiosseutingeniosd
1679 3105 1773 3148 ever·

221 3191 320 3254 facile
337 3189 566 3270 dignosceret,
586 3185 740 3269 perhibet
753 3184 908 3248 Libsuins
922 3183 968 3266 1θ).
1026 3184 1157 3246 tendam
1187 3187 1451 3268 superstitionem
1481 3204 1619 3268 capace,
1650 3184 1770 3248 deiude

223 3290 269 3352 lli
295 3290 323 3352 si
350 3309 478 3360 utores,
511 3297 607 3367 atque
634 3285 688 3348 hio
716 3286 814 3348 animi
839 3284 968 3348 habitus
1024 3286 1199 3370 episcopos
1217 3287 1332 3350 exules
1355 3288 1420 3350 suis
1439 3305 1554 3348 omnes
1573 3286 1705 3348 sedibus
1720 3308 1773 3349 se·

228 3392 256 3452 si
277 3403 387 3472 potest
409 3399 575 3470 praestare
605 3383 856 3470 philosophum,
885 3383 969 3446 nibil
1026 3372 1145 3462 stituit,
1169 3400 1202 3448 ut
1216 3387 1303 3450 inter
1323 3407 1359 3450 se
1375 3388 1489 3472 jurgiis
1513 3385 1660 3472 odiisque
1680 3391 1773 3453 colli·

226 3511 303 3554 sane
319 3487 477 3558 obstabit,
500 3506 565 3570 qno
588 3485 694 3548 ntinsn
714 3485 890 3563 Antonios,
911 3486 970 3548 Pa·
1026 3486 1073 3560 si,
1095 3499 1130 3548 ut
1149 3487 1286 3550 antehac
1314 3487 1454 3564 iactum,
1477 3488 1668 3554 Christianis
1693 3491 1772 3576 ipsis

225 3591 392 3668 cltumios,
427 3588 614 3652 Hilariones
635 3586 850 3670 philosophos
877 3605 969 3670 prse·
1027 3599 1135 3646 essent
1155 3585 1343 3670 despicatui.
1380 3593 1547 3664 Demens,
1569 3590 1624 3671 qui
1640 3610 1706 3652 non
1720 3611 1773 3654 re·

221 3709 366 3772 stemus,
397 3710 478 3774 quos
510 3700 620 3752 tamen
642 3687 665 3747 ii
688 3685 768 3770 ipsi,
791 3687 848 3772 qni
871 3686 970 3750 maxi·
1026 3681 1166 3748 lleserat
1205 3689 1372 3762 animum,
1416 3688 1587 3774 opiniones
1625 3690 1773 3754 humanis

223 3815 278 3860 nse
301 3792 475 3855 tatianum
505 3787 736 3876 philosophum
770 3785 970 3872 praedicant,
1027 3785 1190 3848 mentibus
1222 3788 1290 3850 slte
1324 3787 1446 3850 dsttxss
1486 3801 1671 3872 ornatasque
1707 3809 1773 3854 nou

224 3899 333 3962 solent
347 3892 473 3964 ridere.
517 3892 664 3976 Cumque
687 3909 786 3957 error
801 3887 969 3962 fanaticus,
1027 3905 1125 3972 posse
1147 3886 1216 3952 sire
1238 3885 1488 3967 benevolentia,
1515 3890 1585 3951 sire
1609 3891 1773 3955 terriculis

225 4011 403 4080 captusque
420 3992 651 4076 superstitione
669 3990 793 4055 animus
811 3987 898 4054 istud
907 4007 971 4052 tna·
1027 3987 1205 4066 eradicati,
1239 4003 1274 4052 et
1299 4006 1472 4076 perperam
1491 4002 1558 4052 tam
1575 3991 1698 4058 cultum
1721 4011 1773 4057 re-

224 4100 312 4164 xime
337 4096 399 4159 sibi
430 4094 548 4158 babeat
576 4093 765 4178 proprium,
799 4104 835 4154 ut
859 4110 970 4174 quesn·
1026 4089 1179 4175 ligiosuns
1211 4089 1394 4178 oppugnari
1433 4091 1678 4176 quibuscunque
1707 4113 1774 4158 uss·

225 4221 289 4284 que
313 4219 500 4286 susurrans,
534 4213 679 4281 quasque
706 4193 811 4258 aniles
833 4189 970 4268 fabulas,
1027 4190 1150 4270 chinis,
1172 4191 1301 4275 quando
1328 4191 1399 4274 ejus
1418 4192 1597 4258 illecebrae
1618 4195 1683 4278 jan
1705 4217 1771 4261 sus·

226 4285 325 4366 modu
351 4319 480 4371 causae„
499 4317 576 4362 suae
607 4296 767 4376 serviant,
803 4290 862 4359 sed
891 4314 971 4380 quas
1028 4313 1124 4378 gnam
1151 4295 1267 4380 populi
1300 4309 1427 4380 perteus
1466 4315 1681 4380 occupavere.
1724 4299 1770 4360 dc

260 4565 343 4681 ff
363 4605 458 4668 xxu.
478 4603 503 4668 c'.
525 4621 567 4669 1¹1.
590 4615 632 4669 tt.
706 4603 742 4682 b)
761 4603 858 4685 Lagus
877 4603 918 4665 ad
936 4603 1042 4668 Iulian.
1060 4559 1140 4668 etin
1160 4603 1243 4663 Orat.
1261 4603 1405 4684 parental.
1425 4625 1449 4660 c.
1469 4614 1527 4757 831⁸¹

1548 4713 1567 4758 1
