4404 5564
407 611 410 624 ,
480 481 485 496 ’
554 535 632 612 sn
666 535 955 616 vont’nnn
986 539 1324 622 sncvnnvnt.
1664 573 1712 654 29

165 702 314 788 Tegeam
336 700 483 768 meminit
503 703 669 792 Polybius.
702 709 802 794 (Eiet.
818 709 910 782 lav.
968 709 1102 779 deberi·
1117 715 1243 781 Verum
1261 735 1305 780 en
1318 715 1379 780 tihi
1394 709 1505 782 literas
1523 739 1541 782 a
1559 717 1713 789 &ualue-

162 823 196 870 0·
213 809 281 889 94.)
966 834 1029 898 ryo
1054 836 1139 878 anuo
1165 817 1313 902 proxime
1334 819 1448 905 elapso
1470 819 1510 884 sd
1532 841 1584 886 me
1607 822 1712 902 datas,

966 913 1000 976 in
1022 916 1138 1001 quihus
1159 919 1238 980 mihi
1257 919 1435 1006 significat,
1455 921 1595 986 amicum
1617 945 1710 988 suum

354 992 476 1064 33²²·
493 993 557 1064 ⁶⁰²·
570 1015 599 1062 ¹·
615 993 675 1060 ²¹⁸st-
690 1017 717 1064 Ι·
966 1017 1146 1082 Rostsnam
1161 1019 1247 1106 apud
1263 1020 1401 1086 eandem
1417 1021 1532 1088 urbem
1544 1027 1710 1109 reperisse

229 1107 317 1206 Quin
349 1125 386 1176 et
415 1112 505 1178 idem
535 1113 594 1178 ille
624 1113 745 1200 Tylissi
774 1137 908 1198 numus,
966 1139 1098 1207 quoque
1119 1143 1236 1186 numos
1254 1143 1329 1188 eum
1348 1123 1527 1210 epigraphe
1544 1124 1639 1204 ΣΕ.,
1661 1143 1711 1206 et,

162 1232 263 1296 quem
293 1213 328 1276 in
355 1212 462 1280 Gotha
491 1237 547 1280 sna
577 1217 723 1302 vulgavit
748 1219 909 1298 Liebeus,
966 1221 1055 1307 quod
1084 1225 1313 1310 consequitur,
1345 1226 1406 1290 hos
1434 1247 1539 1311 aequo
1566 1227 1640 1309 jure
1662 1228 1711 1290 Si·

161 1315 274 1392 susue,
307 1315 502 1401 spuriusqne
531 1315 614 1380 adeo
644 1321 732 1384 risus
753 1334 804 1384 est
825 1323 908 1386 lulio
966 1325 1062 1406 cyoai
1084 1346 1157 1389 esse
1179 1324 1388 1402 tribuendos,
1420 1328 1546 1392 scilicet
1571 1325 1709 1412 perinde

162 1417 348 1500 Schliigero
380 1417 486 1484 musei
516 1417 659 1482 Gothsni
685 1421 829 1499 custodi,
873 1436 910 1486 nt
965 1437 1063 1509 atque
1082 1427 1158 1490 illos
1176 1447 1251 1490 cum
1268 1424 1447 1511 epigraphe
1463 1425 1525 1494 ΣΙ.
1555 1428 1617 1490 Cui
1638 1449 1710 1494 seu·

160 1519 234 1602 ipse
261 1518 479 1584 lassescatis
500 1519 638 1606 epistola
658 1541 744 1585 anno
764 1525 844 1603 r7ltd
868 1523 909 1591 sd
965 1527 1087 1591 tentiae
1108 1541 1145 1590 ut
1166 1527 1265 1592 iidem
1287 1527 1435 1590 lacerent
1452 1525 1516 1592 viri
1531 1530 1708 1613 praeclari,

159 1618 330 1686 lihellium
345 1621 483 1706 scripta,
501 1643 596 1708 quam
610 1621 682 1707 ipse
697 1620 808 1694 teneo.
965 1627 1127 1692 existimat
1137 1631 1308 1708 Rostanus,
1323 1641 1455 1694 veteres
1467 1627 1555 1692 forte
1569 1628 1708 1712 perinde

297 1793 307 1814 κ
965 1728 1135 1813 scripsisse
1165 1723 1285 1792 Σικυων
1314 1742 1348 1792 et
1374 1722 1524 1804 Σεικυων,
1561 1749 1607 1795 so.
1633 1751 1705 1793 cum

291 1825 331 1889 P.
342 1823 416 1888 322.
434 1825 498 1892 eol.
512 1847 539 1892 s.
553 1837 632 1910 post
649 1828 710 1892 lin.
723 1827 775 1892 25.
960 1827 1179 1915 diphthongo.
1202 1832 1246 1894 At
1260 1851 1325 1894 non
1340 1829 1481 1894 advertit
1497 1828 1638 1892 animum
1655 1832 1705 1894 vir

338 1979 380 2042 A
388 1979 496 2043 ME
503 1981 548 2042 M
552 1980 579 2042 Ι
582 1980 608 2043 S
612 1979 677 2044 IV
678 1981 723 2043 Μ
961 1929 1115 2014 insignis,
1152 1931 1389 2016 diphthongum
1416 1931 1450 1992 in
1478 1931 1583 2014 prima
1609 1931 1705 2016 hujus

719 2029 729 2046 “
960 2033 1112 2098 vocabuli
1129 2033 1250 2116 syllaba
1267 2047 1353 2098 stare
1369 2053 1434 2096 non
1450 2053 1559 2116 posse,
1572 2051 1645 2096 cnm
1665 2055 1705 2099 ea

221 2131 331 2196 Plinio
346 2131 423 2196 urbs
439 2132 612 2214 Euboeae,
628 2135 701 2199 aliis
714 2151 903 2221 promonto·
961 2156 979 2198 e
997 2135 1104 2218 poetis
1123 2135 1272 2198 omnibns
1289 2157 1362 2198 curn
1379 2135 1515 2198 Graecis
1534 2148 1601 2198 tum
1619 2137 1705 2199 Lati·

157 2234 261 2314 rium,
284 2233 341 2298 ubi
364 2233 603 2300 Themistocles
624 2238 800 2301 Persarum
822 2240 903 2304 clas·
958 2236 1009 2298 nis
1024 2249 1211 2301 constanter
1225 2237 1430 2319 corripietur,
1446 2249 1482 2297 ut
1498 2249 1704 2319 praeteream

157 2357 227 2398 sem
249 2331 384 2402 attrivit.
399 2339 509 2420 ⁸Forte
530 2337 593 2401 suit
614 2338 692 2402 urbs
714 2356 902 2422 promonto-
959 2356 1070 2400 causas
1101 2337 1179 2400 alias
1214 2338 1290 2400 hnic
1326 2337 1534 2418 conjecturae
1568 2338 1703 2400 nimium

156 2437 209 2500 rio
231 2437 390 2502 adstituta.
434 2442 664 2504 Autonomum
688 2439 780 2503 dedit
802 2443 901 2506 Sesti·
960 2435 1124 2502 adversas.
1163 2439 1279 2522 Neque
1309 2437 1438 2501 felicius
1467 2459 1540 2500 rem
1569 2439 1734 2536 expedit¹

156 2559 236 2602 nus:
258 2541 409 2623 (Lettcre
428 2543 467 2607 Τ.
480 2543 522 2612 V.
543 2563 576 2628 p.
586 2543 722 2625 xnv1.)
959 2539 1194 2621 Cousineryus,
1217 2539 1294 2603 dum
1311 2541 1454 2602 tenuiter
1469 2541 1632 2622 conjectat
1647 2562 1704 2606 ve·

224 2642 332 2726 Caput
362 2643 519 2708 Herculis
549 2645 692 2708 irrsbsrbe
723 2649 759 2706 in
795 2645 902 2711 leonis
958 2653 1047 2704 teres
1065 2641 1152 2704 forte
1167 2641 1266 2705 etiam
1280 2641 1449 2724 scripsisse
1465 2635 1598 2719 Σειυων,
1612 2643 1701 2726 quod

154 2745 297 2808 exuviis.
319 2741 499 2812 sAPTn.
533 2748 642 2830 Caput
667 2747 779 2826 canis,
807 2749 901 2832 infru
958 2741 1116 2827 effugium
1146 2762 1223 2807 sane
1256 2743 1497 2826 perviolentum
1526 2754 1578 2806 est
1608 2743 1700 2806 nullo

155 2843 263 2910 clavo.
286 2843 357 2908 AR.
372 2845 430 2914 lv.
957 2843 1154 2929 suffragante
1170 2842 1334 2928 exemplo.
1351 2843 1403 2908 Ad
1420 2844 1500 2908 haec
1515 2845 1543 2906 si
1557 2857 1701 2907 moneta·

216 2945 337 3030 Suapte
358 2959 462 3031 patet,
493 2947 636 3033 positum
657 2947 690 3010 io
713 2947 777 3012 hoc
798 2967 898 3011 numo
956 2945 998 3009 rii
1013 2948 1047 3007 in
1063 2947 1227 3030 argenteis
1244 2946 1309 3008 suis
1323 2945 1428 3008 numia
1446 2946 1609 3010 variarunt
1623 2945 1701 3009 seri·

156 3066 268 3109 cenem
292 3067 386 3110 causa
408 3048 548 3129 Dianae,
575 3041 768 3132 Agrryrdoc,
794 3071 813 3113 a
836 3071 898 3134 qua
955 3047 1065 3112 hendo
1079 3049 1142 3132 jam
1162 3041 1223 3109 ΣΙ.
1240 3049 1304 3130 jara
1321 3042 1414 3125 ΣΕ..
1437 3069 1496 3112 cnr
1515 3067 1581 3110 non
1601 3047 1700 3111 etiam

156 3148 278 3232 oppido
296 3169 428 3216 nemen.
954 3169 1184 3234 nonuunquam
1206 3150 1370 3213 variarunt
1397 3151 1430 3210 in
1459 3151 1584 3224 aeneis,
1617 3169 1699 3231 quos

217 3251 298 3315 An.
323 3251 463 3318 nnlttt.
955 3251 1132 3328 Sestioius‚
1162 3270 1303 3334 eumque
1325 3263 1455 3312 secutus
1477 3248 1696 3336 Cousineryus
1786 3259 1792 3272 ‘

953 3351 1077 3432 Siphno
1108 3351 1277 3434 ademptos
1310 3349 1442 3433 Sicyoni
1475 3348 1696 3413 restituendos

327 3433 451 3512 2334·
468 3433 716 3515 ‘middin-²7·
951 3465 1109 3528 statuunt,
1138 3451 1171 3512 in
1199 3451 1316 3535 quibus
1346 3449 1435 3514 aliud
1461 3471 1527 3513 non
1555 3448 1718 3534 legitur,¹

211 3551 314 3632 Vide,
343 3573 427 3638 qnae
456 3551 499 3617 de
526 3551 632 3616 numia
658 3553 708 3616 his
729 3553 893 3638 argenteis
951 3573 1047 3639 qnam
1068 3550 1130 3613 ΣΙ.
1159 3553 1315 3616 solitum?
1345 3573 1440 3638 qnam
1469 3551 1694 3615 difficultatem

155 3653 295 3738 Seripho
310 3654 440 3720 tributis
453 3653 606 3720 continuo
620 3653 681 3718 sub
694 3653 820 3740 Siphno
836 3657 892 3722 ob-
949 3655 1013 3737 jem
1026 3653 1157 3738 agnovit
1171 3655 1268 3718 etiam
1279 3655 1349 3738 ipse
1360 3653 1590 3736 Consineryus.
1605 3653 1694 3746 Quid

153 3755 300 3826 servabo.
948 3756 1050 3840 igitur
1069 3756 1103 3817 in
1127 3755 1278 3821 uniuersa
1299 3757 1359 3821 hac
1381 3777 1476 3820 causa
1496 3756 1694 3819 constituen-

947 3859 1047 3922 dum?
1069 3858 1143 3942 Ajo,
1156 3873 1331 3944 argenteos
1348 3858 1412 3922 hos
1423 3879 1539 3920 numos
1555 3873 1693 3943 propter

331 3945 368 4008 Ρ.
379 3939 452 4006 ddi).
470 3939 533 4005 eol.
547 3961 573 4044 ι.
590 3941 714 4009 liniti.
947 3961 1091 4026 omnium
1106 3981 1273 4026 causarum
1288 3959 1496 4026 concordiam
1507 3961 1599 4023 nullo
1616 3981 1690 4026 esse

211 4063 400 4148 lmpognsvi
414 4061 479 4124 hoc
495 4059 588 4136 loco,
608 4073 644 4122 ut
659 4062 767 4140 rides,
790 4063 891 4128 Sesti·
946 4074 1042 4149 pecto
1057 4063 1293 4140 dissociandos‚
1316 4077 1349 4128 et
1365 4077 1421 4127 ant
1435 4083 1508 4126 esse
1526 4060 1640 4146 Siphni
1656 4076 1691 4126 et
1748 4055 1766 4080 ⁸

151 4166 194 4227 nii
209 4169 419 4242 sententiam,
441 4183 557 4226 numos
577 4161 700 4227 similes
716 4163 890 4250 inscriptos
946 4165 1096 4251 Seriphi,
1129 4179 1183 4230 sut
1204 4165 1245 4228 ad
1266 4187 1365 4228 unum
1388 4186 1502 4230 omnes
1524 4165 1689 4248 Sicyonis,

152 4261 225 4332 ΣΕ.
248 4267 389 4351 Seripho
417 4285 478 4349 pro
498 4277 615 4330 vetere
637 4287 731 4331 more
757 4268 890 4352 permit·
947 4279 978 4333 'at
993 4283 1061 4342 tum
1075 4263 1137 4332 ΣΙ.
1153 4281 1187 4331 et
1199 4261 1274 4332 ΣΕ.
1287 4287 1354 4332 non
1367 4267 1551 4352 significare
1567 4285 1689 4330 nomen

150 4369 262 4447 tentis,
291 4383 324 4432 st
342 4368 519 4452 inscriptos
542 4361 602 4432 ΣΙ.
624 4369 757 4451 Sicyoni
788 4369 891 4436 vindi·
945 4371 1053 4449 urbis,
1093 4369 1153 4434 sed
1183 4391 1256 4432 esse
1287 4383 1342 4433 aut
1372 4369 1485 4434 literas
1512 4369 1689 4454 ἆςχωυσας

151 4469 260 4534 cuntis.
288 4469 397 4531 Aliter
414 4469 590 4552 disponere
611 4483 889 4554 argumentamee
945 4475 1206 4558 magistratuum,
1241 4473 1296 4534 vel
1326 4471 1598 4546 monetariorum,
1631 4483 1687 4534 aut

150 4572 342 4650 debueram,
357 4571 386 4634 si
399 4577 533 4634 testatus
550 4570 638 4635 idem
651 4573 776 4651 fuisset,
791 4572 887 4636 etiam
945 4595 1019 4640 esse
1048 4574 1255 4660 quidcunque
1283 4573 1370 4637 alind
1399 4573 1494 4637 nobis
1523 4573 1682 4656 ignotum.

150 4694 262 4738 numos
280 4667 354 4736 ΣΕ.
374 4671 461 4755 apud
480 4671 654 4754 Sicyonem
671 4675 830 4760 reperiri,
853 4689 887 4740 et
908 4703 913 4720 ·
943 4679 1029 4742 Ante
1047 4677 1152 4740 omnia
1165 4687 1246 4740 vero
1265 4675 1416 4740 attentius
1430 4695 1503 4740 esse
1518 4673 1684 4760 inquiren·
1715 4668 1720 4676 ’

150 4775 350 4840 statuendum
379 4773 476 4853 adeo,
514 4775 576 4840 hos
601 4796 731 4864 quoqne
753 4777 886 4861 Sicyoni
943 4781 1036 4858 dnm,
1059 4799 1124 4864 qno
1143 4779 1192 4840 illi
1209 4779 1242 4840 in
1260 4791 1363 4842 tremo
1379 4777 1541 4864 copiosius
1555 4776 1682 4839 soleant
