4462 5552
382 550 392 568 ⁹
467 431 538 510 266
1050 429 1422 508 THEODORVS.

530 613 695 674 Hactenus
718 595 812 675 binos
834 597 993 687 loannes,
1015 597 1082 674 tres
1100 613 1210 677 Theo·
1265 625 1381 676 statum
1408 597 1536 675 meeum
1566 607 1817 674 communicavit
1852 604 2011 674 amicissi-

468 713 580 794 dores·
594 714 832 788 enarravimus,
871 712 927 798 qui
957 716 1041 777 intra
1070 728 1208 798 tempus,
1266 710 2010 796 musmilriCousiueryus,olimnationisGal·
2049 783 2056 792 ἢ

467 815 533 898 'quo
551 815 672 888 Franci
689 814 835 879 Orientis
861 814 1035 896 imperium
1061 828 1210 892 tenuere,
1265 817 1348 879 licae
1371 815 1456 899 apud
1482 814 1748 878 Thessalonicam
1778 812 1891 875 consul
1914 830 2009 894 prae·

468 915 501 976 in
525 915 684 980 Graeciae
712 929 805 1000 parte
832 935 894 999 pro
921 917 1044 978 Latinis
1071 917 1209 1001 Augusti
1267 919 1346 982 clari
1367 916 1463 999 hujus
1485 915 1606 978 cimelii
1624 933 1805 997 possessor.
1840 913 2005 995 Vulgarit,

469 1029 545 1079 sunt
579 1017 689 1097 agniti.
742 1018 920 1100 Vtriusque
959 1017 1090 1082 Ioannis
1119 1017 1211 1082 numi
1267 1033 1302 1081 ut
1332 1018 1416 1092 dixi,
1456 1017 1553 1081 abbas
1581 1017 1759 1092 Sestinius,
1799 1028 1834 1076 et
1864 1012 2008 1076 delinee-

468 1117 554 1180 certi
572 1115 713 1177 nondum
729 1116 917 1200 prodirem.
961 1118 1130 1181 Theodori
1153 1139 1212 1182 no·
1267 1133 1335 1184 tum
1365 1120 1446 1182 stitit
1475 1119 1538 1182 tab.
1559 1122 1601 1189 V.
1630 1139 1662 1180 ιι.
1685 1117 1734 1180 id.
1786 1117 1869 1178 Esse
1897 1112 2007 1198 'ilaec-

378 1253 381 1258 ·
469 1217 558 1283 mine
576 1217 725 1281 nonnulli
743 1232 816 1280 aunt
837 1219 979 1302 vulgati,
1004 1201 1125 1284 'rerum
1144 1239 1211 1282 non
1267 1222 1350 1286 doro
1372 1225 1412 1284 11.
1442 1220 1672 1296 tribuendum,
1705 1217 1926 1299 conjecturam
1953 1215 2009 1277 lra-

470 1319 546 1379 satis
561 1319 656 1402 plana
670 1320 763 1395 ratio,
779 1341 861 1404 quae
875 1343 934 1385 suo
949 1319 1212 1404 singulos'l'heo·
1267 1321 1600 1408 hemnaprobabilem
1627 1341 1713 1385 sane.
1759 1322 1910 1392 Constat,
1932 1336 2009 1380 eum

470 1418 553 1482 doro
576 1419 742 1484 vindicare
771 1422 897 1486 doceat.
941 1425 992 1486 En
1010 1422 1070 1484 tibi
1096 1443 1210 1485 eornm
1268 1425 1520 1488 Thessalonicae
1544 1407 1669 1487 'sedem
1706 1419 1833 1494 lisisse,
1874 1437 2009 1482 corona·

469 1521 652 1603 catalogum
671 1521 787 1617 additis
798 1524 1011 1608 conjecturis,
1034 1527 1061 1588 ai
1078 1526 1211 1609 qusead
1267 1541 1400 1608 tumque
1424 1526 1457 1586 in
1479 1526 1605 1608 templo
1629 1523 1718 1586 urbis
1734 1521 1899 1607 principe,
1921 1519 2011 1604 quod

470 1642 597 1686 manum
614 1639 722 1687 erunt.
1268 1631 1299 1692 S.
1316 1628 1487 1692 Demetrio
1506 1643 1631 1695 sacrum
1658 1623 1738 1700 fuit,
1761 1623 1852 1705 cujus
1873 1642 2009 1704 magnus

595 1795 697 1856 Nm,-
712 1795 936 1864 THEODOM
947 1797 1073 1858 nomem
1103 1819 1107 1827 Ι
1267 1729 1313 1794 ibi
1334 1730 1395 1792 fuit
1425 1729 1550 1805 cultus,
1582 1726 1655 1809 quie
1684 1727 1744 1787 hac
1767 1725 1799 1783 in
1821 1724 1903 1786 urbe
1926 1743 2010 1800 mar.

611 1924 877 1997 eeootoPOC.
916 1926 1074 1994 ASKAc.
1104 1960 1144 1975 -
1171 1927 1211 1989 Ο.

609 2026 758 2094 Artoc.
774 2028 1060 2096 AHMHTPIOC.
1075 2034 1212 2094 Theodo-

609 2135 783 2197 msllabitrs
799 2139 888 2214 reqio
904 2139 1043 2208 indutus,
1066 2134 1141 2196 etS.
1153 2132 1212 2192 De·

606 2239 738 2306 metrias
751 2239 914 2297 nimbats'se
934 2239 1110 2313 paludatus
1126 2241 1212 2293 aiam-

609 2344 657 2396 tes
671 2356 738 2396 arra
750 2355 873 2398 crucem
889 2339 1057 2416 oblonyam
1067 2341 1190 2414 liment.

326 2439 332 2446 ’
466 2438 518 2507 Id
538 2439 607 2504 Χῖ
622 2439 762 2498 Christus
782 2441 894 2500 sedens
915 2441 949 2504 irs
965 2441 1093 2510 throno,
1107 2439 1212 2511 juxta

469 2561 560 2622 quem
573 2543 647 2602 ilinc
662 2537 702 2598 tc
718 2541 810 2598 illinc
828 2539 898 2598 ΔΚ.
940 2537 1008 2598 Art.
1027 2555 1072 2595 m.
1090 2557 1134 2597 m.
1150 2535 1179 2610 Ι)

612 2633 859 2697 ΘΕΟΔΟΡΟΟ.
879 2657 889 2671 ·
953 2630 1210 2697 ΔΕΟΠΟΤΗΟ.

610 2733 889 2801 KOMNHNOC.
903 2731 1108 2798 Ο.Δ8ΚΑΟ.
1131 2739 1211 2813 Imp.
1226 2805 1230 2810 ,

614 2849 703 2901 stone
719 2842 752 2901 d.
769 2849 939 2917 sceptrum,
962 2861 988 2899 a.
995 2839 1125 2918 qlobum
1143 2856 1214 2897 cras·

610 2943 769 3018 cicerum,
791 2944 861 3016 ejus
875 2941 976 3018 capiti
984 2957 1099 2998 monas
1114 2938 1214 2998 coele·

610 3043 671 3101 stis
688 3045 821 3117 desuper
834 3042 985 3100 imminet.

468 3151 520 3220 fc.
532 3145 603 3220 ιἰῖ.
617 3147 907 3214 εΜΜΑΝὸΗΛ.
930 3151 1212 3215 commemoro.

469 3253 540 3321 ΑΕ.
556 3273 728 3316 concavus.
752 3251 912 3332 (Tanini.)

612 3345 1211 3415 eeootstpoc.-0.AF100.M1.

613 3457 698 3534 Crito
714 3457 871 3533 maditus
884 3437 1213 3530 insistenthimcpro-

382 3627 386 3634 ,
612 3568 694 3620 tome
706 3557 868 3629 Theodori,
884 3559 975 3618 illinc
984 3555 1021 3616 S.
1033 3556 1211 3615 Michaelis.

466 3653 731 3720 ’ΘΕΟΔωΡΟΟ
754 3650 1018 3720 Aemonio.
1039 3651 1082 3716 0.
1105 3649 1213 3714 ΔΟΤ·

470 3759 581 3836 KAC,
604 3765 755 3841 scriptum
777 3762 812 3820 irt
835 3778 913 3819 area
937 3759 1036 3821 numi.
1079 3755 1149 3818 ΑΕ.
1171 3755 1212 3816 11.

471 3861 621 3944 (Tutini,
644 3863 728 3925 Mus.
749 3859 858 3940 Gaea.)

564 4039 569 4050 ὁ
613 3953 1215 4024 ΘΕΟΔωΡΟΟ.ΔΕΟΠΟΤΗο.Ιιιι·

607 4075 740 4145 perator
757 4073 856 4123 stara.

467 4171 520 4247 1‘c‘.
537 4171 607 4243 ῑιῖ
623 4180 769 4238 maioma
788 4175 912 4236 etrier.
934 4169 1174 4253 atramini.)

534 4275 721 4349 Numusl„
744 4272 844 4354 ¹isque
877 4270 1012 4354 reliquie
1044 4271 1215 4346 illustrior,

471 4379 600 4468 pridem
624 4375 705 4440 mihi
726 4385 777 4436 ast
795 4371 961 4454 cognitus,
994 4391 1034 4433 es
1057 4391 1121 4456 qno
1145 4371 1214 4472 ejus

470 4533 571 4552 —as

473 4695 537 4750 235.
611 4681 647 4754 d)
665 4681 794 4737 Menum.
814 4675 920 4734 Graec.
939 4675 1002 4772 Lat,
1022 4693 1088 4753 pag.
1109 4686 1173 4746 209,
1226 4715 1230 4722 .

1266 1835 1343 1918 tyrii
1371 1832 1509 1917 palmam
1540 1826 1726 1892 Maximiani
1753 1826 1843 1908 jussu
1866 1825 2008 1901 abstulit,
2057 1859 2063 1870 ·

1267 1935 1309 2000 de
1326 1956 1390 2020 quo
1408 1933 1483 1998 vide
1500 1931 1654 1994 Photium
1670 1925 1715 2010 ι5).
1759 1929 1826 1990 Cur
1843 1928 1872 1989 is
1888 1945 1923 1989 ae
1942 1927 2009 1988 Du·

1267 2057 1338 2100 cam
1360 2035 1524 2110 nominet,
1559 2045 1710 2113 tanquam
1733 2049 1774 2090 ex
1797 2029 2010 2092 illustri'Du·

1267 2158 1377 2202 carum
1399 2137 1501 2219 stirpe
1525 2146 1704 2218 prognatus
1725 2129 1843 2206 fuerit,
1865 2145 1901 2193 ut
1917 2143 2023 2204 certa,

1267 2261 1362 2304 cauae
1392 2237 1462 2300 dari
1490 2237 1624 2320 nequit,
1663 2235 1707 2297 ita
1742 2245 1869 2296 certum
1899 2231 2008 2308 etism,

1268 2363 1313 2406 em
1325 2341 1431 2423 stirpe
1449 2352 1614 2412 materna,
1636 2335 1712 2419 quin
1736 2349 1769 2400 et
1781 2333 2009 2410 adfinitatibus,

1266 2439 1414 2509 vanitatis
1451 2440 1645 2523 plerumque
1684 2455 1796 2514 cause,
1834 2436 1898 2498 hoo
1927 2455 2010 2502 acto

1266 2545 1397 2607 nomina
1423 2541 1495 2626 capi
1527 2537 1754 2614 consuevisse,
1785 2550 1822 2599 ut
1850 2557 1948 2620 supra
1975 2537 2010 2600 in

1267 2646 1553 2716 loanne,Vstatzc
1589 2639 1739 2700 diximus.
1782 2638 1897 2721 Neque
1928 2659 2009 2704 vero

1269 2747 1367 2808 etiam
1393 2756 1530 2828 propter
1560 2741 1696 2806 eandem
1726 2736 1900 2800 illustrium
1935 2761 2012 2824 cog·

1269 2845 1435 2911 nominum
1451 2843 1623 2905 libidinem
1639 2837 1854 2912 incredibile,
1878 2861 2011 2903 numum

1269 2952 1345 3012 loco
1375 2950 1415 3014 11.
1443 2945 1606 3030 positum,
1644 2944 1680 3007 in
1720 2961 1785 3024 quo
1812 2941 2012 3006 -Theodorua

1269 3061 1402 3134 praeter
1414 3050 1539 3110 Ducam
1556 3047 1690 3128 insuper
1699 3050 1871 3109 Cemmenus
1881 3044 1999 3107 dicitur·

1269 3152 1310 3215 ad
1340 3149 1481 3215 condem
1514 3146 1726 3212 Theodorum
1756 3148 1796 3209 ll.
1834 3146 2014 3228 pertinere.

1270 3255 1356 3316 Sane
1377 3252 1491 3336 plnres
1520 3251 1602 3314 aliae
1633 3249 1726 3314 luere
1749 3249 1813 3310 hoo
1835 3267 1916 3310 aevo
1937 3267 2014 3332 per·

1269 3375 1369 3418 sonse
1392 3353 1540 3430 nobiles,
1571 3353 1653 3435 qu'ae
1683 3350 1755 3413 aliis
1777 3350 1843 3411 auis
1874 3350 2012 3412 nomini·

1268 3455 1330 3522 bus
1359 3455 1515 3520 addidere
1541 3455 1679 3516 nomina
1714 3457 1824 3516 Dacos
1854 3455 2012 3525 commersi,
2065 3449 2071 3464 '

1269 3571 1305 3621 ut
1327 3556 1439 3622 sidere
1452 3571 1503 3620 est
1518 3556 1603 3638 apud
1615 3553 1817 3635 Duceoginm
1832 3554 1876 3635 ε).
1919 3555 2012 3617 Hanc

1270 3659 1303 3720 in
1334 3657 1513 3722 Theodoro
1539 3669 1653 3722 nostro
1682 3655 1880 3720 adsciturum
1910 3651 2013 3715 nomi·

1270 3783 1347 3824 num
1366 3760 1555 3824 varietatem
1577 3757 1747 3843 praeclare
1772 3754 1942 3820 confirmat
1957 3751 2014 3816 de·

1271 3875 1397 3926 cretum
1416 3859 1596 3938 Graecum,
1620 3879 1685 3942 quo
1707 3859 1796 3920 idem
1817 3857 1875 3920 ille
1893 3867 2014 3918 metro-

1270 3965 1432 4048 politanae
1463 3961 1675 4042 Corcyrsnsis
1707 3957 1869 4024 ecclesiae
1902 3971 2013 4023 vetera

1270 4065 1341 4146 jura
1355 4077 1422 4126 rata
1446 4083 1519 4128 esse
1538 4063 1647 4145 jubet,
1670 4061 1823 4146 qnodque
1847 4060 1917 4124 seri
1933 4057 2011 4123 inci·

1271 4185 1341 4228 sam
1358 4177 1392 4228 et
1409 4163 1641 4230 commentsrio
1657 4164 1853 4227 illustratum
1871 4181 1912 4226 ex
1923 4181 2014 4244 prae·

1271 4265 1360 4330 claro
1384 4284 1499 4329 museo
1527 4263 1636 4328 iacobi
1652 4265 1748 4328 Nanii
1765 4265 1885 4334 Veneti
1903 4261 2014 4345 vulga·

1271 4369 1318 4431 vit
1339 4366 1486 4432 eruditus
1503 4367 1658 4434 Clemens
1680 4367 1812 4451 Bingius
1835 4363 1879 4448 d).
1920 4364 2016 4428 Desi-

1654 4517 2001 4535 M

509 4599 541 4668 a)
562 4589 669 4654 Sestiui
689 4591 804 4646 Lettere
824 4583 858 4642 Τ.
878 4583 914 4642 11.
933 4605 964 4664 p.
983 4595 1019 4646 20
1037 4595 1066 4641 ot
1084 4593 1146 4646 tot.
1228 4583 1260 4658 b>
1280 4581 1354 4642 nort
1375 4591 1437 4650 255.
1519 4589 1546 4654 c)
1564 4581 1669 4643 Famil.
1688 4585 1808 4661 Byzant.
1828 4598 1894 4662 prag.
1915 4593 1968 4656 209
1987 4591 2016 4642 cl
