4430 5568
554 477 630 553 DE
674 473 972 550 LEGIONlB.
1013 475 1089 548 ΕΤ
1129 473 1438 584 ΟΟΗΟΒΤΙΒ.
1690 415 1761 579 apr

203 663 323 728 ‘etiem
352 658 559 736 eonrnlrrer,
594 659 626 720 in
656 657 771 741 quibo·
810 653 970 737 eonepioi·
1023 656 1176 720 nimirem
1206 657 1366 740 imagine·
1404 657 1578 723 Caeterum
1617 676 1796 750 reparate„

228 785 316 838 mue,
346 762 398 824 hit
428 760 529 843 tignie
560 779 723 822 eeumme
745 759 854 822 h‘aetee
876 768 969 840 parte
1026 755 1127 818 suine
1149 759 1349 840 rignannlla
1372 779 1445 822 euru
1473 759 1545 822 aliia
1568 767 1768 830 communio·

228 883 333 950 usqne
369 860 409 924 ed
443 860 580 921 mediam
621 860 762 924 interret
792 857 969 934 orbiculae,
1026 876 1087 932 no,
1110 871 1143 920 et
1166 859 1212 922 eie
1231 862 1262 922 in
1283 861 1415 944 legione
1429 859 1568 946 perinde
1589 877 1686 948 atque
1705 867 1767 930 alia

228 982 409 1045 eorumque
440 983 537 1024 unum
571 962 666 1025 alteri
689 962 894 1048 imperitum,
925 971 969 1020 at·
1028 956 1159 1038 publiee
1186 963 1352 1043 expetite,
1383 963 1600 1046 praelatoque.
1644 967 1695 1027 Ex'
1724 967 1770 1029 al·

231 1064 374 1152 qneltoe
398 1063 475 1124 olim
493 1065 612 1125 rtitiree
635 1061 971 1144 imagineeveriorum
1029 1057 1103 1121 latit
1132 1059 1227 1122 eltiue
1257 1063 1405 1144 vegetii,
1438 1064 1605 1139 Suetonii,
1638 1065 1767 1130 Arriani

224 1163 412 1238 huminum,
446 1163 564 1226 deinde
596 1166 845 1246 imperatorum,
884 1158 995 1246 quod·
1029 1161 1595 1239 teetimoniiemeniiertedoeemur,
1616 1164 1771 1229 elladiu-

228 1267 309 1331 item
333 1283 417 1329 eom.
439 1264 555 1346 Ceylor
574 1264 650 1324 alibi
676 1265 798 1354 dieerte
815 1261 912 1325 dotet
928 1262 969 1343 ⁸).
1027 1261 1093 1324 iere
1109 1261 1250 1344 aquilae,
1272 1261 1360 1325 aliud
1383 1264 1473 1344 tigne
1498 1269 1657 1342 Romane,
1680 1267 1769 1330 aliud

228 1369 266 1430 io
289 1367 349 1429 itae
381 1385 463 1449 erge
484 1367 644 1430 tententie
673 1367 830 1450 imaginor
853 1363 972 1446 prinei·
1027 1365 1186 1445 imagines
1203 1366 1388 1428 Caeterum.
1435 1365 1769 1448 Atquehaeeeoreim

229 1483 307 1554 pum
326 1467 698 1550 hettaeeignimilitarir
718 1469 852 1531 fuerunt
872 1466 973 1524 inror-
1030 1461 1070 1526 ab
1097 1465 1168 1527 aliie
1197 1465 1259 1544 jam
1287 1467 1372 1548 iprae
1402 1463 1502 1528 diotae
1530 1466 1631 1530 luieee
1662 1475 1767 1552 ripere,

231 1583 295 1634 tae.
338 1567 415 1630 Alie
452 1566 571 1644 medo,
610 1569 706 1631 docet
740 1568 846 1642 idern,
884 1563 973 1626 numi
1030 1563 1135 1646 pelam
1152 1565 1504 1649 doeetFi.loeeplrue,
1534 1569 1772 1649 quieemnar·

232 1670 389 1734 maximae
428 1669 554 1732 formae
599 1669 827 1750 imperantium
866 1666 972 1732 rultee
1029 1678 1152 1739 rueret,
1182 1665 1321 1728 Pilatum
1346 1665 1472 1728 Tiberii
1502 1666 1536 1727 in
1560 1667 1675 1731 ledaea
1697 1691 1772 1751 pro·

231 1771 397 1854 complexi
422 1791 462 1834 ex
489 1791 611 1833 summa
639 1771 728 1831 herta
760 1789 823 1850 ope
843 1781 974 1830 eatenu-
1030 1779 1220 1856 curatorem⁸
1242 1770 1324 1830 elem
1349 1768 1593 1849 Hieroeolymae
1621 1769 1770 1833 intelieee

231 1873 283 1935 iae
306 1871 551 1956 dependebant,
580 1870 679 1954 idque
709 1867 865 1952 adprobat
896 1867 973 1927 Bar·
1031 1865 1177 1928 Caerarie
1204 1867 1382 1951 imaginor,
1404 1869 1493 1952 quod
1518 1867 1638 1932 deindo
1659 1870 1772 1952 ingen·

197 2043 206 2052 ,
232 1973 417 2054 thelemyur
449 1973 583 2055 prolatio
615 1972 721 2033 numia
751 1966 973 2052 compluribus
998 1987 1003 2000 ¹
1031 1967 1071 2029 tie
1093 1968 1125 2026 in
1149 1968 1271 2050 populo
1300 1983 1405 2030 metue
1426 1990 1520 2033 cauea
1546 1970 1689 2046 exstitit,
1719 1969 1773 2033 ad·
1879 2003 1886 2016 ·

232 2073 337 2136 marei
364 2071 461 2152 regii.
507 2072 652 2154 Ampliat
688 2068 773 2134 inat
804 2065 975 2131 confirmet
1031 2067 1097 2142 dit,
1120 2088 1174 2129 eae
1191 2072 1286 2150 ripae
1300 2067 1556 2145 iniuratorum,
1579 2091 1635 2144 τας
1652 2071 1774 2131 Καισα-

230 2173 381 2236 indicatio
408 2175 514 2234 numia
545 2172 731 2247 lattiniani,
760 2189 841 2256 quoe
871 2167 974 2228 edidit
1031 2191 1080 2248 ρος
1101 2167 1232 2242 interae,
1256 2183 1386 2248 erperae
1411 2173 1556 2232 καλειται
1572 2172 1611 2251 e).
1656 2173 1698 2234 Et
1719 2193 1781 2254 ep·

232 2293 319 2336 eom.
353 2271 469 2353 Capiet
484 2268 540 2356 ¹t),
569 2273 625 2356 qui
655 2273 819 2337 eatenula¹
835 2268 974 2332 connexi
1032 2269 1137 2353 ponite
1162 2267 1244 2330 adeo
1260 2267 1298 2330 nd
1321 2271 1401 2334 haee
1427 2270 1556 2357 losephi
1576 2271 1676 2335 rerba
1692 2273 1774 2338 dixit

235 2373 330 2437 alteri
350 2375 439 2448 urei,
462 2386 498 2435 ut
514 2389 651 2458 uterque
675 2373 852 2445 exietimnt,
875 2371 975 2433 terti·
1033 2367 1213 2456 setdandp
1257 2363 1416 2454 Σημαιαι,
1461 2391 1573 2456 erepte,
1614 2394 1773 2455 προτομω,

232 2493 269 2536 re
294 2495 358 2535 non
381 2488 536 2556 potuere,
567 2476 629 2536 niti
659 2488 696 2538 et
725 2476 818 2556 tigno
843 2460 973 2532 militari
1032 2484 1285 2538 commemorate
1321 2472 1477 2534 eontiuao
1505 2473 1636 2556 loeeplri
1664 2496 1774 2538 narra·
1807 2549 1810 2557 γ

150 2575 155 2582 ’
232 2573 973 2662 adlinipenduliqueeuerarumprineipiaima·
1033 2577 1141 2648 tione,
1176 2593 1270 2658 qoem
1297 2573 1393 2662 modo
1425 2573 1626 2636 adduximus.
1666 2576 1773 2639 lteere

233 2676 345 2758 ginum
367 2677 454 2738 rioee
469 2690 616 2760 agerent.
1034 2676 1150 2742 Suidae
1173 2677 1229 2737 hae
1250 2675 1408 2757 imagines
1434 2687 1527 2736 veeat
1551 2675 1649 2744 etiem
1670 2695 1776 2754 neere-

296 2777 348 2837 En
364 2777 422 2840 tibi
443 2778 510 2840 tola
528 2779 609 2842 haee
626 2789 836 2862 argumente,
860 2775 976 2860 quibat
1032 2801 1115 2860 μιις;
1146 2797 1220 2840 narn
1242 2774 1374 2838 dubiem
1397 2793 1463 2837 non
1486 2788 1552 2848 ert,
1582 2775 1656 2839 illat
1677 2777 1776 2844 iraetie

234 2879 395 2962 praeelati
409 2879 443 2940 hi
461 2879 522 2944 riri
539 2901 711 2944 nemorum
736 2880 891 2942 maximae
911 2877 977 2940 ser·
1034 2877 1193 2962 praeliant
1208 2867 1431 2961 protoma‘rum
1456 2875 1775 2959 itabujrteeperiem.

235 2997 306 3042 mae
335 3001 426 3042 neem
451 2982 526 3044 satie
552 2981 705 3063 putrbent
731 2979 976 3074 comprobatum
1033 2981 1164 3044 ttturtre
1194 2987 1421 3058 argumentum
1451 2978 1501 3058 (ut
1530 2977 1594 3060 jam
1615 2978 1713 3041 etiem
1734 2979 1776 3042 ed

231 3079 882 3165 nullaeliaaiveeoriptornmveterum,
905 3081 975 3144 aire
1031 3085 1102 3165 ipra
1132 3093 1340 3144 monumenta
1370 3077 1575 3159 dolebamur)
1609 3094 1680 3143 etto
1715 3101 1775 3144 ne·

236 3195 518 3243 monumentorum
562 3182 720 3264 producta
772 3183 975 3248 auctoritate.
1033 3206 1104 3247 mue
1127 3179 1479 3256 coloniaeVimineeii,
1502 3181 1557 3264 qui
1579 3183 1685 3244 estin
1707 3201 1778 3244 mu·

237 3281 328 3360 Ergo
342 3279 391 3341 illi
407 3281 565 3364 imagines
582 3281 801 3362 Augustorum
819 3303 883 3346 non
905 3305 977 3346 ere·
1032 3305 1092 3351 eeo
1122 3286 1306 3350 Ceeearee,
1343 3293 1378 3342 et
1416 3280 1477 3358 jam
1509 3282 1588 3343 olim
1619 3281 1727 3343 editur
1757 3307 1777 3344 e

237 3381 351 3444 didere
371 3382 507 3442 aeoreirn
529 3381 710 3455 eretitieee,
731 3383 978 3456 eutillaeeeor·
1033 3383 1279 3463 Froeliehiee).
1320 3384 1357 3444 In
1388 3383 1458 3461 eju·
1489 3399 1601 3444 ererea
1622 3395 1685 3446 etet
1707 3401 1777 3443 ma·

237 3483 296 3544 eim
328 3481 360 3542 in
392 3481 493 3564 rignie
524 3482 716 3544 militaribae
751 3501 977 3557 numeravere,
1033 3487 1116 3558 lior,
1139 3504 1220 3566 queo
1243 3483 1489 3546 manudextera
1512 3484 1639 3564 rignum
1660 3481 1778 3544 milita·

240 3597 446 3668 gratatusque
477 3582 576 3644 hretia
597 3581 754 3668 perinde,
784 3603 821 3644 ee
851 3584 884 3644 in
907 3583 978 3648 eliie
1033 3603 1072 3646 re
1086 3597 1197 3657 tenet,
1220 3581 1273 3648 eui
1292 3601 1384 3644 more
1407 3583 1505 3646 eelite
1528 3579 1618 3662 legio
1635 3583 1707 3650 vlt.
1730 3581 1779 3644 in·

237 3681 393 3770 equilum,
425 3697 567 3758 sertem,
607 3702 735 3745 manum
776 3683 978 3764 explicatam,
1035 3685 1233 3766 eeriptaeet,
1257 3683 1780 3765 ejuereroepioiimmiaet'pre·

239 3807 276 3848 ne
299 3787 435 3861 similia,
467 3800 500 3847 et
522 3784 605 3848 adro
636 3784 692 3846 has
714 3784 872 3866 imaginee
892 3787 979 3870 prin·
1036 3797 1124 3848 tome
1153 3782 1327 3858 Gordiani,
1359 3783 1485 3846 sinistre
1517 3783 1624 3846 eimile
1647 3783 1777 3866 rignum

240 3889 366 3970 oipum,
394 3909 476 3972 quoe
495 3886 683 3970 ruperrtitio
708 3891 852 3948 Romana
876 3895 980 3948 eeler-
1036 3907 1109 3951 eam
1136 3887 1302 3949 mentione
1329 3887 1469 3969 legionis
1499 3887 1589 3960 llll.,
1621 3899 1654 3948 et
1675 3885 1781 3948 immi·

239 4009 298 4052 noe
326 3989 447 4064 ennxit,
483 3989 676 4072 reperisque
705 3987 873 4069 aequarit,
901 4006 980 4048 non·
1036 4001 1135 4050 nente
1155 3987 1203 4048 illi
1219 4004 1369 4072 proteme
1393 3985 1505 4050 uxoria
1524 3988 1778 4072 Tranquillinae.

238 4091 301 4153 niti
323 4090 480 4174 quandam
503 4087 543 4153 ad
570 4091 660 4170 tigna
689 4085 853 4150 ordinaria
874 4107 981 4150 eeeee·
1036 4091 1143 4154 Nemo
1167 4089 1343 4154 adhaereat
1367 4084 1409 4151 ad
1424 4085 1571 4150 mulieris
1589 4089 1715 4152 ruitum
1738 4108 1780 4152 ex

240 4192 365 4254 aionem
384 4206 551 4277 peterere.
594 4187 692 4254 Aliud
711 4189 831 4253 docent
849 4191 979 4252 oracula
1036 4191 1131 4273 aigne
1154 4193 1285 4254 militari
1314 4187 1534 4273 conopionem.
1578 4188 1662 4252 Satio
1690 4187 1779 4251 enim

239 4303 404 4371 retorem,
433 4308 468 4357 et
482 4305 572 4356 certa
588 4305 871 4354 monumentorum
885 4291 978 4366 iidee,
1037 4295 1223 4376 cognitum,
1252 4295 1387 4358 uxorioe
1415 4289 1548 4354 maritet
1576 4291 1641 4372 jem
1662 4287 1780 4353 iodea

277 4623 306 4690 a)
320 4617 389 4678 lieo.
407 4621 456 4678 lli.
469 4643 540 4700 pag.
555 4627 619 4680 tlo-
704 4618 739 4690 b)
755 4621 828 4681 Ree.
842 4623 924 4680 Tem.
939 4625 992 4686 Ν.
1012 4643 1077 4702 pag.
1095 4636 1156 4696 ¹9⁷·
1237 4625 1269 4700 c)
1286 4611 1325 4679 de
1340 4619 1413 4680 Bell.
1429 4620 1495 4680 lud.
1511 4617 1542 4678 L.
1565 4617 1600 4681 11.
1622 4639 1648 4682 e.
1663 4631 1690 4694 9.
1705 4621 1732 4690 d.
1750 4627 1777 4676 1.

242 4705 274 4779 ¹³)
290 4705 346 4764 ⁵¹11>
367 4707 521 4796 Σημαιαι.
606 4709 634 4780 e)
649 4707 701 4770 IV.
722 4711 855 4767 Teutam.
870 4733 937 4794 pag.
957 4725 1018 4778 123.

341 4812 428 4889 (rot
452 4815 560 4888 7111.)
1090 4827 1097 4838 ·
1363 4817 1373 4824 '
1482 4809 1513 4872 tt
1528 4827 1580 4870 rr
