4404 5564
517 593 561 662 w
958 615 962 626 .
1104 568 1490 648 annuunt

465 787 466 790 ,
509 769 513 778 =
556 742 621 806 ΙΙΟι
638 732 830 806 'tezeno
848 734 944 802 isaaci
962 737 1033 804 irae
1052 736 1130 805 stada
1149 763 1260 806 nasama
1317 763 1369 820 ca,
1385 739 1526 817 Gallica.
1540 741 1680 826 Anglica
1693 740 2021 811 llaec·Gtaeeornm
2036 744 2075 808 al·

1084 835 1177 921 Ιδης,
1311 843 1476 928 ¹leporium
1494 843 1590 910 facile
1607 863 1780 930 recepere.

505 969 511 978 ·
576 944 649 1030 Qui
666 961 743 1007 varo
759 942 895 1007 Zeleam
913 943 1113 1007 habitabant
1127 947 1188 1010 aab
1204 967 1260 1027 pe·

870 1046 942 1106 dem
961 1047 1065 1108 imam
1081 1046 1174 1110 Idae.
1450 1055 1489 1116 P.
1504 1053 1578 1120 auu.
1598 1054 1661 1120 col.
1672 1073 1703 1120 u.
1720 1065 1800 1139 post
1816 1054 1891 1121 lin.
1902 1073 1941 1140 7.

571 1142 625 1210 Ad
651 1163 750 1231 quem
777 1162 910 1212 versum
935 1143 1141 1210 scholiastes:
1177 1141 1258 1212 rode
1375 1159 1797 1270 Nmum'KEfflom’
1811 1190 1849 1255 in
1864 1187 1972 1278 cuim
1987 1207 2073 1256 ml„

509 1269 577 1335 ΨΒ
611 1269 647 1310 ‘⁰
681 1267 855 1310 mmm
885 1268 991 1332 Μ’
1032 1259 1257 1334 “mim“
1313 1309 1348 1352 aa
1375 1303 1425 1354 ..ι
1449 1286 1695 1370 semmaa,
1729 1292 1814 1359 vtae·
1833 1291 1935 1357 turm
1962 1291 1999 1355 a.
2025 1289 2072 1354 na

506 1345 666 1438 aea'e'fst,
692 1346 707 1413 ὁ
732 1351 861 1463 telepte
885 1347 971 1436 ἦμεις
990 1347 1143 1430 dampetra.
1185 1355 1259 1413 Pes·
1313 1393 1390 1476 ipsis
1409 1391 1636 1458 Addendiud
1653 1412 1812 1480 pagan·

509 1455 599 1514 casim
625 1465 676 1513 est
696 1449 810 1534 infima
826 1472 923 1533 pars,
953 1451 1191 1533 metaphorice,
1223 1455 1261 1516 id

507 1563 577 1628 est,
600 1553 687 1632 qaod
706 1573 767 1614 aas
787 1572 942 1614 vacamus
958 1553 1104 1613 radicem
1124 1555 1257 1616 mantis.

509 1652 578 1715 Sed
600 1665 634 1716 et
650 1653 838 1716 Enstathiua
856 1651 897 1715 ad
909 1650 1030 1716 cadem
1047 1651 1164 1717 uerba:
1186 1650 1258 1716 daur

507 1746 592 1815 eota
620 1775 732 1832 uetares
755 1749 843 1832 18ης,
873 1750 992 1828 lifes,
1018 1750 1050 1813 ἐι
1071 1775 1111 1836 τῃ
1135 1769 1257 1840 superq
1376 1750 1490 1832 Nuper
1519 1747 1595 1812 huic
1628 1737 1758 1815 Siciliae
1787 1751 1986 1816 Heracleae
2016 1765 2068 1808 nu·

507 1853 636 1936 irrugata
658 1876 715 1930 ,της
738 1849 820 1932 Ιδης.
855 1852 974 1915 Eidem
1000 1855 1148 1918 Homero
1178 1853 1257 1916 alibi
1313 1871 1401 1912 nrum
1428 1865 1618 1935 sequentem
1644 1851 1735 1915 dedit
1758 1853 1931 1917 Sestianae
1978 1851 2066 1934 (Let-

374 1987 380 1991 ·
508 1966 733 2018 memorantur
762 1948 857 2031 acdsg
879 1946 1063 2016 autenticae
1087 1947 1174 2031 Ιδης,
1204 1975 1258 2016 ιιι·
1312 1943 1387 2015 tere
1405 1953 1499 2016 Tum.
1512 1953 1554 2022 V.
1574 1975 1606 2036 p.
1620 1953 1783 2036 XXXIX.)

509 2060 599 2120 dices
619 2058 767 2138 irriguae
786 2056 877 2117 Idae.
901 2054 1008 2132 (iliad.
1029 2058 1071 2125 V.
1085 2057 1153 2137 59.)
1175 2057 1255 2119 Nar·
1374 2047 1632 2115 ΚΕΦΑΛΟΙΔ.
1670 2039 1778 2138 Caput
1809 2057 1977 2120 Herculeis
2004 2053 2064 2113 lea·

503 2172 557 2242 ¹rut
573 2141 753 2232 Pindarus,
772 2154 954 2238 (Pytnxt.
972 2159 1040 2242 54.)
1063 2158 1254 2242 Strophium
1308 2157 1364 2217 uia
1380 2157 1520 2217 exuviis
1547 2167 1678 2218 tectum.
1714 2153 2003 2238 tHPAKAEA
2031 2155 2063 2212 in
2162 2197 2163 2218 .

505 2255 679 2340 flagraque
699 2251 779 2318 uada
796 2261 1147 2336 »castrametatura
1165 2264 1255 2324 rudi·
1309 2257 1377 2318 ima
1398 2289 1411 2304 ·
1429 2289 1443 2304 ·
1461 2287 1476 2302 ·
1496 2250 1583 2319 ΩΝ.
1608 2255 1676 2318 Bos
1693 2271 1882 2340 cornupeta.
1908 2257 1986 2318 ΔΕ.
2004 2254 2058 2315 lll.
2162 2269 2163 2340 ι

507 2380 578 2421 cem
594 2361 765 2422 Parnassi.
795 2358 883 2420 Nolo
904 2361 1069 2426 cumulare
1093 2363 1252 2444 exempla,
1374 2356 1454 2418 Pare
1474 2356 1576 2420 antica
1597 2356 1667 2420 sine
1682 2356 1781 2421 dubio
1797 2357 2059 2442 Cephaloedium
2162 2341 2163 2378 ¹

507 2480 589 2546 quae
612 2461 706 2546 plura
731 2459 785 2524 rel
815 2481 857 2523 ex
884 2460 961 2524 solis
989 2461 1038 2524 his
1068 2463 1253 2527 auctoribus
1311 2456 1441 2520 Siciliae
1466 2457 1610 2541 respicit.
1639 2460 1721 2523 Pars
1740 2480 1853 2524 aversa
1873 2461 1967 2524 male
1987 2477 2058 2520 sana

504 2564 575 2646 peti
601 2577 745 2646 possent.
781 2563 849 2628 Pro
873 2585 932 2636 πκς
958 2563 1103 2628 Graecos
1133 2564 1253 2627 eodem
1311 2571 1378 2634 est,
1407 2571 1440 2622 et
1465 2558 1551 2622 forte
1576 2558 1668 2642 plus,
1695 2580 1791 2646 quam
1813 2562 1901 2624 istud
1932 2561 2058 2644 adjecta
2162 2559 2163 2570 ’

505 2685 603 2726 sensu
620 2663 739 2726 dixisse
756 2663 1000 2744 ctiamrpcnm,
1023 2679 1110 2747 patet
1134 2687 1174 2728 ex
1191 2668 1253 2729 Po·
1310 2659 1399 2724 numi
1414 2659 1488 2724 icon
1501 2659 1684 2745 profitetur.
1701 2665 1816 2746 Neque
1831 2665 1919 2726 enim
1935 2659 2056 2726 Graeci

504 2764 611 2846 lybia,
629 2765 731 2846 (Hiat.
747 2766 786 2831 L.
803 2767 857 2826 lll.
875 2769 900 2842 §.
915 2767 980 2848 17.)
1000 2767 1145 2851 aliisque.
1166 2766 1250 2860 Qua·
1309 2763 1505 2824 Heracleam
1532 2761 1695 2846 scripsere
1717 2761 1968 2843 HPAKAEA,
2000 2759 2055 2826 sed

503 2885 542 2928 re
572 2886 646 2929 cum
673 2865 896 2949 promontoria
919 2867 1053 2949 proprie
1075 2867 1139 2930 sint
1161 2889 1252 2930 mon·
1308 2861 1564 2930 HPAKAEIA.
1591 2867 1634 2927 Et
1655 2886 1737 2929 vero
1760 2885 1821 2949 pro
1842 2865 1903 2930 hac
1926 2865 2053 2952 epigra-

504 2983 572 3046 ιιι,
595 2985 735 3050 qnorum
757 2966 875 3050 pedes,
897 2985 957 3029 seu
971 2967 1102 3032 radices
1120 2968 1251 3052 longius
1309 2965 1374 3050 phe
1392 2987 1410 3028 e
1428 2965 1557 3029 Sestino
1574 2967 1778 3052 promulgata
1793 2968 1953 3053 Princeps
1975 2969 2054 3026 Tur-

503 3070 539 3131 in
568 3089 657 3132 mare
688 3080 883 3143 excurrunt5
912 3081 946 3131 et
967 3069 1157 3152 porrigunt,
1185 3090 1251 3132 non
1308 3068 1354 3130 ris
1383 3067 1511 3130 Muciae
1542 3065 1576 3128 in
1606 3065 1703 3128 simili
1736 3088 1795 3131 suo
1827 3068 1912 3153 legit
1940 3064 2051 3130 ΗΡΑ-

504 3171 615 3256 inique
633 3169 736 3234 Siculi
753 3167 917 3234 celebrata
937 3191 993 3232 sua
1014 3169 1076 3232 tria
1097 3190 1251 3252 promon-
1307 3163 1565 3234 ΚΛΕΙΟΤΑΝ.
1594 3170 1741 3252 (lucter.
1760 3172 1801 3235 ΙΙ.
1821 3169 1885 3235 tab.
1902 3173 1959 3254 ll.)
1982 3167 2051 3230 Dii·

504 3274 589 3336 toria
606 3271 724 3356 junctis
744 3270 848 3334 trihus
866 3271 1013 3334 humenis
1034 3271 1171 3355 pedibus
1195 3293 1251 3334 er·
1306 3270 1449 3334 feramus
1468 3291 1549 3355 erge
1567 3269 1737 3354 judicium,
1755 3271 1938 3355 usquedum
1951 3270 2050 3336 tutius

504 3394 669 3459 pressere.
706 3371 823 3436 Utrum
851 3373 950 3438 urbes
978 3374 1125 3452 Italicae,
1154 3372 1251 3437 aliae·
1306 3372 1450 3458 judicare
1467 3375 1575 3437 liceat.
1601 3375 1726 3436 Tamen
1745 3372 1773 3436 si
1791 3374 1971 3460 epigraphe
1997 3391 2049 3436 an·

505 3497 568 3560 quc
597 3475 694 3538 Asiae
723 3475 875 3554 minoris,
912 3496 993 3562 qnae
1021 3475 1067 3538 ibi
1094 3477 1249 3540 continuo
1306 3475 1389 3538 tices
1417 3473 1489 3538 telis
1518 3486 1584 3551 est,
1614 3473 1744 3559 qualem
1771 3489 1885 3540 auctor
1911 3475 2048 3548 adserit,

503 3563 747 3656 memorantur(
759 3579 857 3640 simili
873 3577 1051 3664 triquetrae
1067 3591 1144 3662 typo
1158 3578 1250 3642 idem
1306 3575 1462 3640 habemus
1494 3595 1615 3639 nemen
1648 3578 1862 3660 Cephaloedii
1900 3577 2046 3662 pluribus

503 3679 670 3744 voluerint
690 3678 847 3765 intelligi,
879 3701 919 3743 an
941 3681 1036 3744 aliam
1058 3668 1249 3762 allegoriam
1306 3677 1410 3740 literis
1430 3677 1602 3762 scriptum,
1626 3699 1722 3764 quam
1740 3679 1826 3743 istud
1848 3677 2049 3744 adhucridi·

502 3781 565 3845 hac
586 3780 728 3864 imagine
750 3781 965 3858 involverint,
991 3782 1148 3846 hactenus
1168 3781 1250 3842 mihi
1306 3799 1388 3842 mus.
1421 3781 1502 3842 Nam
1524 3780 1559 3841 in
1582 3779 1738 3847 hactenus
1759 3781 1900 3868 cognitis
1926 3781 2048 3866 legitur

500 3884 661 3967 ignotum.
683 3881 796 3959 addo,
818 3883 935 3944 mirum
956 3881 1078 3960 rideri,
1100 3883 1249 3961 Latinos,
1305 3893 1429 3944 tantum
1447 3874 1594 3948 ΚΕΦΑ.

496 3983 559 4069 ,qui
586 3983 746 4068 pleraque
771 3983 975 4046 Graecorum
1004 3983 1152 4046 amabant
1178 3982 1250 4046 imi·
1312 3985 1317 3992 ’

501 4085 582 4162 tari,
604 4105 671 4148 non
688 4083 784 4148 etium
801 4084 1003 4150 Graecorum
1022 4105 1115 4150 more
1138 4085 1249 4150 lunda·

503 4202 613 4253 menta
643 4187 802 4249 montium
830 4187 950 4252 dixisse
973 4191 1083 4272 pedes.
1117 4187 1249 4251 Eruditi

500 4287 730 4376 lexicographi
745 4309 845 4352 unum
862 4288 930 4372 ejus
948 4289 1134 4373 exemplum
1154 4289 1249 4354 nobis
1524 4325 1606 4388 ME
1613 4325 1643 4388 R
1654 4323 1686 4388 G
1694 4328 1733 4390 A
1741 4326 1826 4392 NA·

502 4393 711 4484 suppeditent
740 4405 869 4476 captum
900 4411 942 4454 ex
967 4391 1139 4472 Ammiano
1163 4395 1251 4455 Man

1500 1617 1538 1680 P.
1552 1631 1624 1680 an.
1645 1617 1707 1677 col.
1724 1635 1750 1678 ι.
1768 1616 1828 1714 litt.
1841 1617 1876 1680 5.

1427 4135 1465 4197 P.
1478 4149 1551 4216 usq.
1574 4135 1636 4200 col.
1652 4158 1678 4200 ι.
1700 4149 1778 4218 past
1797 4137 1857 4201 lia.
1874 4139 1925 4201 25.

502 4498 642 4564 cellinc:
659 4495 830 4582 .(1..x1v.
848 4492 961 4575 cuit.)
983 4497 1045 4557 imi
1064 4497 1163 4576 pedes
1188 4496 1247 4556 Ca·
1365 4499 1476 4582 Prope
1504 4499 1687 4584 Syracusas.
1725 4501 1777 4563 De
1807 4499 1903 4587 hujus
1934 4503 2045 4588 oppidi

501 4585 553 4664 sii
562 4603 694 4665 montis.
713 4599 874 4662 Ettamen
889 4595 989 4660 iidem
1003 4597 1144 4661 vertices
1157 4617 1247 4658 mon·
1303 4619 1402 4664 numo
1424 4601 1579 4666 hactenns
1601 4605 1688 4667 inter
1707 4601 1851 4668 incertos
1872 4603 1983 4670 habito
2001 4606 2045 4668 ri-

497 4704 582 4766 tium
606 4701 759 4766 dixerunt
780 4703 901 4784 capitu.
933 4699 1097 4764 cultiores
1115 4697 1247 4763 hodier·
1304 4701 1362 4780 de,
1389 4723 1471 4788 quae
1494 4703 1698 4770 indicabo.in
1720 4705 1888 4774 Addendia
1910 4709 1951 4774 ed
1967 4712 2046 4778 Vol.

505 4825 563 4866 nac
583 4805 736 4886 Europae
758 4805 906 4888 linguae,
929 4801 1059 4878 italica,
1079 4801 1247 4866 Germani·
1303 4803 1359 4872 Π.
1381 4825 1413 4889 p.
1430 4804 1499 4869 163.
