4404 5564
628 1193 1287 1306 ADDENDA

821 1437 989 1520 ,so

347 1607 963 1700 VOLVMEN
1061 1607 1567 1695 PRIMVM.

728 1913 1174 1946 ψ

447 2247 528 2324 Peg.
545 2241 660 2306 XXV·

183 2294 258 2405 De
276 2339 419 2406 admixto
435 2357 585 2406 monetae
600 2363 719 2408 aureae
736 2362 837 2426 cupro
853 2341 928 2408 vide

182 2443 367 2508 testimonia
395 2464 436 2508 ex
461 2445 664 2527 Pachymere
691 2443 776 2528 apud
800 2443 929 2508 Gihbon

182 2567 253 2630 oep.
267 2545 309 2608 de
327 2545 434 2608 'Pcruo
448 2546 519 2610 ΧΗ.
537 2565 568 2630 p.
582 2545 656 2621 430.

265 2733 345 2812 Pug.
357 2729 494 2795 XXIX.
512 2733 575 2797 col.
591 2753 616 2794 ι.
630 2743 707 2814 post
725 2733 784 2796 lin.
799 2738 847 2804 ¹4·

245 2847 378 2914 varium
404 2850 490 2914 hunc
513 2850 599 2912 aeris
617 2849 751 2914 modum
770 2871 844 2914 cum
859 2849 929 2933 pie·

182 2953 277 3036 rique
301 2949 456 3014 haetenus
485 2951 661 3016 crederent
686 2951 772 3036 apud
797 2965 928 3018 veteres

183 3054 285 3118 inisse
310 3051 534 3132 arbitrarium,
556 3073 666 3136 neque
683 3067 859 3138 propterea
875 3075 949 3118 eu·-

184 3169 290 3231 ctum,
311 3153 556 3218 imminutumve
572 3153 664 3216 numi
683 3154 864 3238 praetium,
887 3154 929 3218 ad

185 3275 421 3342 quemeumque
440 3255 572 3319 mudum
588 3275 705 3318 numus
721 3276 841 3319 aeneus
854 3277 929 3340 per·

109 3351 112 3358 ’
185 3361 322 3436 sineret,
348 3359 410 3420 fuit
429 3376 535 3440 nuper
554 3355 595 3418 ol.
611 3357 846 3434 Pinltertonus,
873 3357 929 3440 qni

183 3461 308 3528 varium
331 3472 481 3522 monetae
502 3476 623 3520 aeneae
637 3459 779 3540 pretium
794 3478 856 3541 pro
876 3479 928 3520 va-

183 3563 231 3626 ria
245 3555 315 3643 eius
333 3561 462 3636 indole,
478 3580 515 3623 ac
531 3562 638 3643 pretio
654 3558 832 3622 intrinseco
846 3556 929 3620 adsi·

182 3663 304 3748 guerit.
334 3663 408 3740 Ait,
433 3661 580 3726 instituto
600 3661 754 3727 adcurato
780 3658 928 3724 examine

183 3763 260 3829 inde
274 3765 313 3828 ab
330 3766 479 3849 Augusto
494 3777 527 3826 et
542 3763 716 3846 deinceps,
732 3782 848 3825 numos
862 3781 929 3822 um-

183 3887 241 3931 ues
260 3871 286 3930 1.
308 3867 433 3932 mamae
454 3879 642 3950 compertos
667 3865 729 3928 sibi
753 3883 825 3927 esse
852 3883 930 3926 cun·

184 3984 270 4034 stare
293 3987 332 4030 ex
360 3989 437 4032 aere
461 3966 563 4044 ssavo,
592 3988 652 4031 seu
678 3963 861 4042 orichalco,
895 3975 930 4026 et

184 4092 298 4135 eorum
321 4091 364 4134 ne
387 4091 485 4132 unum
506 4067 637 4153 quidem
661 4089 701 4131 ex
724 4087 841 4152 cupro,
869 4085 929 4130 seu

183 4193 261 4236 aere
275 4172 408 4256 Cyprio.
430 4163 631 4246 Grandiores
647 4189 688 4234 ex
702 4169 753 4247 iis,
768 4189 848 4252 qnos
863 4187 930 4230 me·

184 4275 256 4338 diae
270 4275 395 4338 formae
410 4273 623 4358 appellamus,
637 4272 699 4335 hos
713 4292 841 4356 quoque
855 4291 928 4334 esse

183 4397 224 4439 er
241 4395 317 4438 aere
332 4374 429 4448 ssavo.
453 4375 497 4438 At
511 4395 610 4451 vero,
630 4375 687 4459 qui
701 4373 752 4436 his
767 4385 841 4435 sunt
854 4392 931 4456 pro·

183 4477 281 4552 simi,
295 4489 433 4560 suntque
449 4495 555 4553 asses,
577 4489 630 4540 aut
643 4475 782 4538 mediam
800 4475 927 4537 unciam

167 4561 389 4662 ¹adpendnut,
418 4596 491 4638 esse
516 4597 557 4639 ex
582 4595 698 4660 cupro.
732 4579 803 4639 darn
828 4597 927 4652 sero,

184 4679 403 4764 prosequitur,
419 4699 474 4740 nes
489 4677 607 4742 ssavum
617 4679 737 4757 (bross,
752 4677 854 4740 Gallis
866 4679 930 4738 tai-

186 4797 261 4860 ton,
286 4779 380 4844 uobis
399 4780 580 4862 Messing),
606 4801 623 4840 a
643 4780 808 4844 veteribus
825 4780 928 4853 multo

988 2243 1088 2306 fuisse
1103 2242 1233 2323 majoris
1249 2239 1461 2317 aestimatum,
1477 2263 1572 2325 quam
1588 2264 1735 2330 cuprum,

989 2341 1171 2424 etquidem
1188 2342 1296 2426 pretio
1313 2343 1418 2404 altero
1437 2355 1537 2406 tauto.
1567 2344 1662 2409 Unde
1679 2367 1735 2410 ne·

987 2444 1132 2508 cessario
1159 2443 1331 2528 consequi,
1367 2462 1428 2528 pro
1460 2442 1576 2508 eadent
1605 2449 1734 2530 argenti

988 2546 1141 2630 portione
1175 2543 1280 2607 minus
1316 2545 1401 2608 aeris
1437 2546 1610 2609 monetarii
1640 2546 1733 2624 ilari,

989 2667 1083 2732 quam
1106 2645 1218 2730 Cyprii
1240 2645 1340 2709 fuisse
1360 2665 1548 2730 repensum.
1576 2647 1677 2733 Atqui
1702 2665 1734 2712 et

986 2749 1104 2810 mirum
1121 2747 1184 2810 sibi
1200 2746 1316 2822 videri,
1333 2747 1384 2810 rei
1400 2747 1733 2814 numismaticacscri·

986 2864 1099 2936 ptores
1111 2862 1285 2934 utrumque
1298 2848 1386 2912 huno
1400 2847 1532 2912 modum
1545 2851 1662 2932 passim
1680 2871 1736 2914 ne-

982 2953 1145 3036 glexisse.
1169 2954 1206 3012 lu
1232 2971 1327 3014 cauta
1349 2949 1450 3012 fuisse
1475 2951 1651 3029 existimat,
1675 2975 1733 3016 seu

986 3054 1076 3138 quod
1100 3075 1195 3118 eausa
1214 3051 1414 3116 inhaerentis
1431 3053 1594 3138 aeruginis
1610 3069 1734 3118 utrum-

988 3176 1052 3238 que
1071 3171 1198 3220 temere
1213 3154 1457 3237 permiscuere,
1487 3175 1546 3217 seu
1567 3156 1656 3238 quod
1675 3158 1735 3222 hac

986 3271 1097 3320 nostra
1113 3271 1217 3320 aetate
1232 3275 1287 3318 aes
1303 3253 1421 3318 ssavum
1431 3275 1503 3317 uon
1522 3257 1657 3319 multum
1674 3261 1734 3341 cy-

986 3359 1080 3442 prio,
1100 3356 1228 3440 pretio,
1250 3369 1284 3418 et
1307 3355 1439 3432 valore,
1462 3363 1614 3440 praestat.
1643 3361 1734 3423 Haeo

986 3459 1038 3522 vir
1062 3456 1220 3521 eruditus.
1253 3458 1370 3539 (Essuy
1396 3476 1438 3518 ou
1464 3455 1588 3520 medais
1615 3459 1691 3528 Vol.
1709 3465 1732 3526 Ι.

986 3581 1018 3644 p.
1033 3559 1091 3622 108
1104 3569 1189 3641 seq.)
1203 3593 1247 3604 -
1266 3557 1398 3640 Operae
1413 3557 1572 3641 pretium,
1587 3559 1621 3620 iu
1636 3561 1733 3646 hujus
1746 3631 1754 3648 Ι

986 3661 1156 3728 veritatem
1183 3657 1295 3742 judicii
1319 3657 1500 3742 inquirere.
1519 3660 1734 3754 'Discrimem

987 3761 1075 3847 quod
1092 3761 1120 3824 is
1138 3761 1173 3822 in
1189 3761 1299 3822 nuruis
1317 3761 1402 3824 aeris
1421 3759 1513 3840 ilari,
1539 3764 1732 3849 Cypriique,

987 3879 1022 3929 et
1035 3882 1097 3947 pro
1115 3862 1205 3927 varin
1224 3862 1356 3946 quidem
1373 3883 1487 3928 eorum
1507 3866 1730 3951 magnitudine

986 3985 1023 4028 se
1047 3964 1211 4050 reperisse
1236 3963 1401 4041 adfirmat,
1432 3987 1572 4044 vereor,
1599 3983 1634 4030 ut
1659 3970 1732 4053 jure

985 4067 1088 4151 possit
1106 4063 1299 4149 praedicari.
1320 4067 1442 4129 Docuit
1459 4089 1511 4130 me
1528 4083 1661 4136 exactor
1683 4073 1732 4136 oi·

985 4167 1101 4232 fioinae
1128 4169 1345 4246 monetariae,
1378 4190 1461 4252 quae
1487 4184 1536 4233 est
1560 4173 1646 4256 apud
1671 4197 1732 4238 nos

986 4267 1220 4348 vindobonae,
1240 4293 1258 4334 a
1277 4290 1330 4334 mo
1352 4272 1535 4346 consultus,
1560 4275 1655 4338 etad
1676 4297 1732 4338 ex·

985 4370 1162 4454 plorandos
1179 4393 1294 4435 numus
1310 4373 1416 4434 musei
1429 4375 1580 4436 Caesarei
1597 4379 1732 4442 arcessi·

985 4487 1056 4550 tus,
1074 4473 1198 4536 nullum
1216 4494 1255 4536 ex
1280 4473 1338 4550 iis,
1361 4495 1441 4558 quus
1462 4475 1494 4538 ei
1509 4477 1660 4558 copiosos
1675 4501 1731 4542 ex·

985 4575 1172 4650 hibuerem,
1203 4596 1306 4660 capro
1326 4597 1411 4660 puro
1435 4591 1602 4656 constare,
1628 4595 1662 4643 et
1686 4603 1729 4645 ne

986 4676 1117 4761 quidem
1131 4699 1188 4740 eos
1202 4679 1326 4742 moduli
1342 4676 1488 4754 minoris,
1502 4701 1583 4764 quos
1595 4682 1732 4747 Piniter·

985 4791 1081 4844 tonus
1099 4799 1139 4844 ex
1155 4801 1232 4844 aere
1248 4781 1368 4866 Cyprio
1383 4779 1476 4844 datos
1488 4780 1654 4861 adfirmat,
1674 4807 1731 4850 ne·

1416 4884 1444 4943 A
1468 4902 1486 4945 a
