4476 5564
514 423 674 504 carru
707 423 755 500 x.
807 424 874 502 uu
908 423 1188 506 murmura
1217 423 1518 507 rorusrtru.
1578 509 1610 530 „‚
1715 443 1790 526 ur

635 1023 642 1042 “
772 1002 1253 1120 CAPVTX

487 1319 570 1416 n'u
620 1347 1543 1416 ru1u7N101Arorueraru.

246 1681 456 1792 Tribunicio
478 1716 711 1802 imperutorunr
735 1729 878 1797 potestat
896 1739 915 1780 a
932 1717 988 1779 tri·
1044 1737 1120 1781 rum
1140 1716 1185 1800 pt.
1207 1727 1369 1799 potestate
1398 1715 1536 1780 subinde
1559 1716 1591 1778 in
1611 1717 1785 1806 imperatu.

243 1825 342 1889 bunio
353 1819 466 1906 'plebia
484 1819 633 1892 ducitur,
669 1819 725 1902 qui
742 1838 824 1880 anno
843 1831 915 1901 poat
934 1838 988 1879 ex·
1044 1838 1099 1880 rea
1128 1817 1287 1880 tranoiuan
1318 1815 1429 1916 nitida
1450 1819 1602 1884 dirueruit
1624 1822 1665 1888 cl.
1687 1823 1783 1896 dela

244 1941 335 1995 ector
359 1946 457 2007 reget
480 1923 587 1997 KVb,
617 1921 657 1986 V.
682 1920 718 1980 C.
740 1920 799 1981 abo
822 1919 987 1982 constituti
1042 1917 1203 1982 Bletterie
1226 1919 1338 1982 Gallua
1354 1917 1397 2000 b).

244 2045 335 2106 tunt,
371 2042 407 2090 ut
442 2022 533 2110 plebi
568 2021 741 2084 adveutum
778 2021 985 2101 patriciorum
1070 2009 1077 2018 '
1105 2021 1251 2098 Primus,
1282 2021 1335 2084 oui
1365 2034 1456 2083 extra
1479 2020 1628 2088 ordinem
1649 2024 1784 2096 decreta

243 2129 468 2202 incolentium,
501 2135 534 2187 et
555 2123 722 2185 caevitiem
753 2121 915 2203 praecidio
937 2141 988 2184 ct-
1041 2134 1095 2184 eat
1118 2121 1289 2185 tribunicia
1310 2136 1471 2204 potenter,
1499 2123 1562 2186 fuit
1582 2127 1682 2191 luliur
1705 2132 1784 2198 Ca·-

243 2245 326 2296 aeut.
378 2227 504 2321 Quibut
542 2223 695 2306 gradibnt
734 2242 849 2284 eorum
887 2223 984 2299 viret,
1044 2244 1098 2304 cur
1114 2235 1252 2286 testante
1270 2223 1356 2288 istud
1371 2227 1478 2288 Dione
1495 2228 1537 2306 ⁰).‘
1557 2227 1717 2296 Nimirum
1734 2234 1784 2298 iu·

243 2334 447 2416 repetentia
469 2327 650 2401 creverint,
681 2343 841 2408 quamque
863 2323 986 2388 luerint
1042 2338 1094 2390 ter
1116 2324 1197 2389 ulica
1221 2327 1381 2404 bonores,
1411 2347 1493 2412 quor
1517 2328 1624 2394 audita
1646 2335 1783 2404 victoria

241 2451 310 2496 uon
339 2431 484 2516 patriciia
514 2428 629 2504 modo,
657 2427 715 2490 aed
740 2427 821 2508 iptio
852 2427 985 2488 cummis
1042 2427 1228 2492 Pbaraelica
1244 2427 1275 2490 ei
1290 2427 1407 2490 detulit
1421 2429 1576 2514 populns,
1598 2434 1658 2496 suit
1673 2438 1782 2518 etiam,
1910 2497 1913 2510 ,

243 2533 485 2619 magittratibua
517 2549 633 2614 graver
664 2549 701 2590 ac
731 2528 880 2606 molenti,
918 2550 983 2590 uon
1036 2543 1076 2590 ut
1097 2549 1158 2612 per
1180 2527 1309 2592 omnem
1337 2531 1435 2596 uitam
1457 2533 1662 2598 tribuniciam
1684 2538 1782 2603 etiam

242 2635 765 2718 eatbujualocicommemcrare.
782 2617 789 2632 ’
808 2629 896 2692 istud
914 2651 985 2728 cer·
1041 2631 1278 2713 quodammodo
1342 2645 1535 2716 potentatem
1605 2637 1779 2708 obtineret.
1915 2707 1922 2717 ,

241 2750 330 2813 tum,
361 2737 483 2820 majora
514 2735 669 2807 tribuuiu,
699 2745 795 2815 atque
826 2734 984 2816 ampliora
1040 2733 1131 2794 idem
1159 2735 1263 2796 bonna
1291 2733 1417 2802 oblatus
1440 2736 1714 2821 octaviano-post
1734 2739 1782 2808 ui·

240 2838 868 2921 {cisaecouceeaajuraacpoteatatem‚
887 2856 982 2919 qnam
1039 2847 1126 2897 ctam
1153 2835 1189 2896 iu
1218 2825 1328 2900 Sicilie
1357 2835 1434 2898 Sex.
1462 2839 1653 2924 Pompejum
1682 2843 1783 2928 Lepi·

240 2953 277 3005 ut
292 2941 473 3024 principer,
496 2940 550 3021 qui
566 2959 670 3022 remp.
686 2951 893 3014 everterunt,
914 2956 982 3002 orn·
1038 2937 1197 3022 dumque,
1233 2932 1261 3000 ai
1298 2937 1380 3000 fider
1414 2937 1603 3024 orouod),
1638 2943 1708 3009 nire
1737 2943 1782 3012 ad

241 3041 395 3124 triumque
411 3040 444 3100 iu
462 3061 497 3102 tc
516 3043 758 3122 magistratuum
778 3043 864 3104 vireu
881 3055 983 3102 traua·
1036 3035 1165 3102 Actium
1180 3037 1355 3102 Autc'nium
1378 3053 1463 3105 tecte
1478 3042 1598 3106 iterum
1615 3045 1722 3110 Dione
1737 3048 1779 3132 ⁶),

195 3141 199 3150 '
235 3143 331 3205 serre
362 3155 437 3204 aunt
468 3142 589 3217 conati,
623 3161 688 3202 unu
715 3144 814 3204 etiam
845 3142 981 3206 tribuni·
1038 3140 1097 3205 ned
1114 3161 1216 3224 quem
1246 3155 1313 3206 tum
1344 3142 1475 3207 videtur
1503 3157 1644 3210 autnon
1666 3167 1781 3236 accep·

237 3245 324 3306 ciam
353 3241 578 3304 auctoritatem
607 3241 782 3320 ambirent,
811 3257 865 3306 aut
892 3246 980 3308 ultro
1037 3255 1141 3318 tuaac,
1171 3256 1226 3318 aut
1254 3257 1344 3306 certe
1373 3245 1593 3328 negligentius
1616 3248 1780 3322 habuitne.

236 3344 304 3408 eibi
318 3341 443 3406 deferri
459 3341 740 3424 concupiscerent.
761 3347 875 3426 Neque
893 3345 980 3406 enim
1037 3343 1168 3405 Etenim
1199 3366 1283 3408 auno
1314 3360 1388 3428 poet
1419 3369 1457 3410 eu
1488 3349 1645 3432 septimo,
1677 3353 1718 3421 V.
1740 3355 1777 3422 C.

237 3445 359 3529 exigue
380 3443 443 3504 fuit
460 3443 500 3504 ad
522 3463 679 3505 summam
701 3443 768 3506 eive
791 3445 980 3527 potentiam,
1037 3445 1117 3526 731,
1148 3445 1292 3510 ebidem
1314 3447 1379 3510 Dio
1408 3448 1513 3512 refert
1528 3449 1578 3532 s),
1609 3450 1781 3520 decretum

238 3547 308 3613 aire
330 3543 521 3609 felicitatem
540 3544 704 3622 accensio,
726 3565 799 3607 care
818 3565 980 3608 sacrosan·
1037 3566 1056 3606 a
1079 3558 1210 3621 uenatu,
1244 3561 1280 3608 ut
1300 3551 1465 3633 Augustus
1494 3551 1643 3617 tribunus
1670 3555 1779 3640 plebia

227 3661 345 3725 ,ctum
376 3661 427 3726 et,
458 3646 559 3710 nteit
581 3647 764 3728 ciceroq,
793 3665 859 3707 nou
881 3645 979 3710 modo
1037 3659 1215 3732 perpetuen
1237 3661 1342 3724 earet,
1364 3649 1516 3732 additque
1538 3655 1708 3719 contiuuo:
1728 3660 1779 3720 in·

234 3767 351 3818 contre
372 3751 439 3816 vim
462 3765 495 3813 et
514 3749 660 3825 ferrum,
689 3747 748 3810 ted
778 3749 873 3812 etiam
904 3769 981 3810 con·
1036 3747 1079 3811 de
1101 3761 1266 3822 exortum,
1290 3762 1324 3809 ut
1345 3751 1527 3833 Auguatua,
1559 3741 1679 3838 quique
1701 3775 1778 3822 enm

225 3869 288 3920 ¹tra
328 3851 428 3920 verba
467 3851 596 3932 legibue
639 3851 778 3916 recretis¹
811 3865 978 3930 armatum,
1032 3851 1140 3914 necuti
1169 3863 1242 3912 aunt
1270 3847 1502 3932 imperatorer,
1533 3853 1609 3936 lege
1639 3859 1777 3939 quadan

225 3978 336 4042 quom
357 3953 603 4040 quibuscunque
624 3957 911 4018 aenatuecontultia
931 3953 980 4016 iu·
1030 3973 1108 4016 cum
1131 3951 1266 4034 reliquia
1289 3951 1379 4014 hince
1401 3953 1595 4034 bonoribus,
1626 3971 1693 4022 tum
1720 3961 1778 4027 tri»

225 4057 429 4144 tornodoro,
451 4076 651 4131 convocare,
675 4076 748 4119 cum
771 4055 917 4131 luberet,
940 4077 977 4121 ac
1034 4053 1162 4118 buuicia
1185 4065 1343 4137 potentate
1365 4068 1546 4120 uterentur.
1573 4060 1701 4128 Primur
1724 4083 1776 4130 er·
1819 4103 1821 4108 ·

236 4159 401 4224 dimittere
432 4173 577 4221 uenatum
609 4160 849 4243 populumque,
878 4161 977 4242 magi·
1035 4177 1077 4240 go
1108 4155 1169 4218 fuit
1197 4158 1378 4238 Angustus,
1416 4159 1472 4241 qui
1501 4181 1571 4222 carn
1605 4163 1664 4228 bac
1694 4167 1773 4250 lege

236 4277 354 4326 etratua
376 4262 438 4324 aibi
460 4259 654 4328 obsistentea
676 4261 708 4326 ui
726 4263 767 4324 nd
784 4261 976 4345 obsequium
1033 4261 1191 4341 auscepit,
1211 4280 1277 4344 qun
1298 4257 1382 4341 apud
1404 4281 1611 4328 anoceatoret
1634 4267 1774 4336 valuitne
1834 4263 1841 4272 ⁸

233 4364 381 4452 adigere.
418 4347 526 4438 Vide,
557 4383 638 4446 quaa
670 4361 711 4425 de
742 4364 802 4426 bac
832 4362 976 4426 tribuun-
1032 4379 1074 4424 ex
1095 4375 1243 4426 veterum
1266 4364 1483 4428 monumentis
1498 4366 1721 4450 intelligimur.

233 4509 1775 4544 .····-···-··--·--·--··-------··---··--

269 4598 378 4671 a)pro
397 4591 506 4650 Sextio.
588 4591 622 4656 bt
639 4595 674 4652 -Β,
691 4592 726 4648 L.
745 4591 829 4648 Tum.
849 4593 944 4654 XXV.
964 4593 1051 4652 idem.
1069 4610 1138 4666 pag.
1155 4601 1221 4667 392.
1303 4593 1384 4667 c)1a.
1402 4593 1492 4660 xm.
1512 4613 1537 4654 c.
1555 4606 1602 4658 20.
1684 4596 1719 4674 d)
1737 4595 1770 4662 b,

232 4685 395 4750 Uberi.
486 4686 517 4757 e)
536 4681 569 4742 b.
588 4683 633 4744 Lt.
654 4688 679 4757 §-
699 4694 743 4756 19.
835 4680 1115 4754 Obbllbbbt.
