4482 5560
544 443 704 526 carra
738 449 820 528 vu.
870 447 938 527 ou
971 422 1163 530 aoutttu
1199 429 1440 532 orestus.
1632 517 1635 524 .
1683 461 1797 542 su.

704 1013 1086 1128 oarvr
1158 923 1333 1202 vr]

572 1359 653 1419 Μ
700 1359 984 1420 NOMINE
1030 1359 1407 1422 ers‘Ams‘.

172 1745 180 1762 ·
212 1677 320 1792 Olim
340 1741 522 1810 cognomen
540 1701 648 1805 gentii
665 1724 782 1803 iuliae,
804 1723 846 1788 de
864 1725 955 1809 cujus
1013 1724 1131 1804 verbs,
1154 1745 1228 1789 cum
1242 1727 1376 1790 Nerone
1389 1723 1521 1790 tandem
1538 1729 1664 1813 sepulta
1678 1733 1758 1796 Cae·

210 1837 319 1908 etymo
346 1825 472 1908 egimus
487 1823 529 1886 ‘iu
554 1827 660 1887 numia
684 1827 830 1891 Caesaris
858 1827 957 1891 diota·
1012 1846 1122 1888 aarum
1145 1827 1260 1889 domus
1283 1841 1448 1890 statuatur.
1491 1832 1535 1892 At
1556 1830 1643 1892 enim
1666 1832 1759 1898 clau-

210 1929 309 2016 toris,
340 1929 498 1992 exstincta
529 1942 629 2011 gente
652 1928 733 1990 iulia
763 1927 875 1996 titulus
899 1930 956 1990 ho·
1013 1926 1101 2000 dius,
1131 1941 1301 2012 autequam
1323 1930 1497 2012 imperium
1526 1931 1649 2010 adiret,
1679 1937 1758 1998 Cae·

209 2029 315 2104 noris,
352 2029 582 2112 dignitatisque
614 2031 726 2091 evasit.
769 2031 836 2090 Res
867 2043 953 2105 nota,
1013 2031 1094 2092 saris
1123 2013 1249 2092 nomeu¹
1275 2051 1341 2093 non
1373 2030 1499 2106 habuit,
1536 2033 1619 2128 quia¹
1641 2047 1759 2099 neutra

207 2129 290 2192 illud
316 2130 458 2212 primum
481 2129 675 2234 adoptione,
699 2127 835 2211 perinde
859 2143 955 2213 atque
1004 2130 1087 2214 ,lege
1106 2131 1252 2194 Caesaris
1269 2132 1357 2194 filius
1374 2131 1452 2208 luit,
1473 2153 1581 2216 neque
1598 2133 1681 2200 adeo
1698 2158 1758 2200 ue·
1840 2115 1844 2122 ι

207 2251 327 2294 nomen
346 2231 500 2310 Augusti,
522 2233 555 2294 ia
577 2231 657 2294 alios
676 2229 776 2292 luisse
796 2252 953 2316 propaga·
1012 2251 1086 2294 men
1118 2234 1297 2296 transferre
1327 2236 1362 2297 in
1390 2233 1477 2297 filios
1505 2236 1620 2316 potuit.
1663 2237 1759 2301 Fecit

200 2345 306 2394 -turn.-
331 2333 405 2394 Hoc
439 2333 512 2414 jure
542 2334 666 2413 primus
697 2335 815 2395 Caesar
847 2333 953 2394 dietus
1011 2345 1119 2395 tamen
1147 2333 1370 2417 indulgentia,
1406 2349 1442 2398 ut
1460 2351 1546 2418 'pars
1576 2336 1756 2402 haberetur
1807 2396 1815 2411 ,

205 2447 259 2496 est
291 2433 447 2496 octavius
481 2431 620 2496 subinde
651 2437 816 2516 Augustus
855 2433 953 2516 adop·
1009 2433 1126 2498 domus
1149 2439 1347 2512 Caesareae,
1378 2436 1452 2518 quia
1481 2437 1565 2499 hano
1588 2437 1754 2504 adfinitate

207 2547 295 2597 tante
319 2533 494 2610 dictatore,
518 2555 593 2596 mox
615 2547 683 2596 tres
704 2537 868 2620 Agrippae
891 2535 952 2596 filii
1010 2535 1156 2620 contigit.
1198 2539 1297 2600 Binas
1335 2537 1444 2605 enim,
1466 2557 1506 2600 cx
1544 2539 1605 2601 hac
1643 2539 1756 2604 habuit

207 2623 318 2716 Caius,
340 2637 477 2712 Lucius,
501 2636 663 2719 Agrippa,
686 2636 861 2720 adoptione
887 2639 952 2698 Au·
1008 2633 1115 2712 asiai,
1143 2659 1184 2702 ex
1207 2653 1299 2722 patre
1324 2639 1435 2700 Druso
1460 2637 1585 2702 Liviam
1615 2642 1755 2724 Augusti

207 2737 308 2820 gusti,
349 2737 562 2829 ejusdemque
601 2737 763 2800 beneficio
797 2739 951 2800 Tiberius
1008 2741 1198 2823 conjugem,
1233 2760 1274 2804 ex
1295 2753 1398 2802 matre
1419 2739 1560 2802 Antonia
1583 2739 1756 2830 Octaviam

205 2839 391 2920 privignus,
415 2863 433 2903 a
455 2861 520 2924 quo
543 2839 576 2900 in
598 2840 701 2900 lilium
724 2841 868 2917 Drusum
890 2838 950 2902 llu-
1007 2841 1147 2923 Augusti
1187 2827 1353 2914 sororem,
1395 2831 1622 2926 praeterquam
1666 2841 1759 2924 quod

104 2999 109 3006 .
204 2940 260 3000 xis.
304 2942 455 3023 Denique
491 2941 628 3006 Tiberio
662 2942 836 3028 adoptante
868 2932 951 3004 Gerss
1007 2956 1074 3004 tum
1105 2963 1186 3026 gens
1214 2944 1347 3009 Claudia
1377 2957 1451 3024 post
1479 2943 1593 3005 Iuliam
1625 2963 1754 3008 summo

205 3043 369 3120 manicas,
391 3043 551 3126 hujusque
576 3044 648 3109 lilii.
1006 3046 1082 3108 loco
1119 3045 1307 3110 haberetur.
1351 3046 1457 3126 Magis
1496 3065 1579 3131 ergo
1617 3043 1752 3110 definite

266 3149 359 3224 Ergo
379 3146 526 3208 Caesaris
547 3165 669 3208 nomen
691 3145 847 3208 hacteuus
870 3164 948 3206 nou·
1007 3147 1089 3209 dixit
1119 3147 1221 3210 Galba
1253 3147 1338 3232 apud
1373 3147 1524 3228 Tacitum
1548 3135 1596 3228 ·):
1641 3151 1754 3212 Finito

203 3245 266 3306 nisi
286 3243 521 3306 bereditarium
542 3245 619 3322 luit,
641 3251 863 3308 Romanorum
883 3267 949 3308 mo·
1006 3255 1162 3314 Iuliorum
1184 3255 1452 3333 Claudiorumque
1479 3253 1571 3312 άοηιο
1602 3251 1754 3328 optimum

202 3367 240 3408 re
267 3345 455 3408 translatum
479 3345 610 3419 ineos,
643 3348 699 3428 qui
724 3348 793 3410 siae
824 3361 947 3422 natura,
1004 3353 1474 3433 quomqacodoper'os'nvem'et.
1520 3345 1556 3410 Si
1573 3347 1662 3418 ferre
1679 3371 1753 3434 pos-

203 3447 273 3512 sire
300 3447 475 3530 adoptione
498 3446 558 3508 lilii
579 3446 690 3522 luere,
713 3461 809 3530 atque
830 3449 947 3508 exhac
1006 3469 1115 3510 sumus
1145 3469 1236 3523 eam,
1269 3470 1363 3532 qoam
1387 3449 1472 3525 dixi,
1504 3447 1753 3532 indulgentiam,

203 3549 281 3632 lege
320 3552 495 3614 Caesarum
531 3561 717 3630 postremae
755 3547 816 3608 fuit
854 3547 949 3631 Cajua
1006 3562 1038 3611 st
1075 3569 1115 3609 au
1150 3548 1314 3625 feremus,
1353 3548 1483 3630 quando
1518 3549 1656 3613 conlieta
1691 3573 1752 3636 per

204 3651 391 3715 Germanici
417 3652 520 3729 lilius,
544 3651 648 3714 dietus
672 3649 772 3731 vulgo
791 3648 947 3732 Caligula.
1004 3648 1153 3712 fraudem
1185 3649 1344 3730 majorum
1375 3651 1464 3712 serie
1487 3650 1598 3714 sitium
1621 3653 1753 3718 veritati

203 3757 328 3818 Tamen
355 3753 389 3815 iu
420 3755 509 3817 veris
537 3753 643 3816 adhue
665 3751 859 3817 Caesaribus
890 3772 947 3834 pu·
1006 3750 1178 3815 adfertur?
1206 3753 1243 3812 ln
1265 3750 1482 3815 marmoribus
1503 3772 1571 3814 nou
1591 3753 1750 3836 paucisb)

202 3870 289 3920 tatur
311 3859 367 3942 qui
389 3858 465 3920 huie
485 3855 663 3931 successit,
685 3853 854 3929 Claudius,
878 3865 947 3915 tum
1004 3852 1146 3918 Neronis
1164 3851 1299 3936 stirpem
1320 3853 1384 3914 hoc
1403 3852 1502 3915 modo
1520 3847 1640 3915 deduci
1661 3852 1751 3917 vide·

201 3959 298 4044 bujus
332 3959 419 4024 lilius
451 3958 678 4035 Britannicus,
712 3969 747 4020 et
781 3958 837 4041 qui
860 3955 947 4018 talis
1004 3975 1097 4017 mus:
1119 3953 1751 4024 NERO.CLAVD1VS.D1V1.CLAV·

175 4055 378 4150 vadoptione
401 4061 520 4146 erasit,
543 4062 651 4136 Nero,
680 4061 727 4123 sic
750 4071 785 4123 ut
808 4079 848 4122 ex
871 4077 947 4120 aaa·
1002 4058 1059 4118 Dl.
1094 4059 1211 4122 Filius.
1242 4057 1497 4122 GERMANICI.
1527 4057 1749 4142 CAESARIS.

200 4165 280 4228 nimi
307 4165 379 4229 lere
409 4166 606 4249 scriptorum
637 4179 789 4229 veterum
818 4151 947 4225 senten·
1002 4159 1117 4242 Nepos.
1147 4161 1201 4224 TI.
1224 4159 1444 4228 CAESARIS.
1467 4157 1571 4230 AVG.
1596 4159 1749 4226 PRONa-

200 4270 264 4342 tia,
288 4289 369 4353 quos
387 4280 540 4331 recenset
559 4247 731 4350 lleimsrus
751 4267 783 4329 iu
805 4263 945 4328 animad·
998 4284 1068 4343 por.
1091 4263 1193 4331 DlVl.
1216 4261 1317 4327 AVG.
1340 4264 1513 4344 ABNspos.
1548 4261 1664 4328 Fuisse
1685 4263 1751 4325 Ne·

200 4371 354 4438 versione
370 4370 410 4453 ad
426 4385 589 4454 postrema
604 4372 721 4434 Dionis
734 4369 812 4432 libri
828 4369 944 4434 thu.
997 4357 1119 4436 ¹roneus'
1147 4364 1365 4449 Claudiiper
1393 4365 1603 4451 adoptionem
1633 4362 1747 4439 filium,

210 4611 270 4678 ’1)
286 4605 361 4664 illst.
380 4604 421 4674 Ia,
433 4605 456 4663 1.
477 4625 501 4664 c.
522 4605 566 4668 16.
662 4603 698 4678 b)
718 4605 805 4662 erut.
826 4615 887 4668 154·
908 4617 935 4666 2.
973 4606 1080 4664 litarat.
1098 4611 1162 4667 445·
1183 4613 1209 4666 ⁵.
1247 4595 1747 4674 Gori›inseript.'rom.11.p.to

199 4707 229 4757 ct
243 4697 330 4756 Tem.
349 4693 401 4754 111.
420 4713 451 4772 p.
473 4707 534 4761 173.
573 4693 604 4754 iu
622 4713 769 4754 marmore
787 4692 902 4765 usuali,
923 4695 1006 4774 quod
1023 4707 1067 4755 est
1086 4693 1118 4752 iu
1138 4691 1313 4754 Marinianis
1331 4709 1411 4754 nuru.
1431 4687 1500 4768 ΧΥ.
1518 4753 1535 4764 ,,
1599 4697 1605 4704 “
1654 4685 1662 4718 ’
