4404 5564
514 529 575 578 ‚m
823 506 956 586 nor.
979 508 1094 582 n1r.
1124 505 1199 580 uc
1232 500 1340 580 ros.
1364 503 1475 580 utu.
1499 457 1747 586 coenan.

618 680 763 781 Quanta
780 677 890 756 animi
908 678 1157 778 generositate
1176 692 1215 750 ot
1233 673 1454 754 abstinentia
1466 675 1601 767 fuerit,
1626 677 1741 750 multa
1757 673 1890 750 referri
1908 697 2090 776 possent

518 813 707 912 exempla3
728 811 795 886 sed
825 811 897 886 hoc
928 838 1044 884 unum
1073 810 1251 902 sufficiet,
1277 826 1319 884 ut
1347 829 1614 908 cognoscatur,
1641 811 1760 909 qualis
1780 810 1842 884 bic
1862 810 1916 884 vir
1935 812 2083 887 fuerit.

516 929 848 1047 Ios.Heyrenbaclt
869 945 1035 1048 ejusdem
1055 943 1163 1036 olim,
1189 945 1295 1044 cujus
1313 944 1478 1033 Ecltbel,
1502 946 1541 1018 S.
1561 948 1592 1022 t
1612 945 1829 1046 presbyter,
1853 943 1892 1017 iu
1915 945 2078 1020 unirer·

515 1082 625 1156 ritate
640 1079 850 1157 ⁴Viennensi
867 1080 1035 1183 publicas
1049 1078 1319 1181 praelectiones
1337 1104 1382 1152 ex
1403 1078 1569 1153 doctrina
1588 1077 1821 1179 diplomatica
1843 1076 1983 1156 babere
2003 1079 2076 1152 in·

515 1215 703 1305 stituerat,
740 1242 832 1314 quas
864 1213 1053 1314 aliquanto
1081 1229 1247 1311 tempore
1279 1207 1466 1310 gratuitas
1480 1210 1730 1302 continuavit,
1767 1211 1855 1310 quia
1883 1212 2071 1289 cathedre

513 1346 627 1447 hujus
647 1346 838 1424 doctrinae
865 1347 1031 1423 nondum
1048 1363 1127 1421 erat
1154 1345 1318 1420 fundata.
1353 1345 1497 1421 Ecltbel
1518 1344 1653 1420 certior
1678 1344 1819 1436 sactus,
1843 1345 1921 1419 viro
1942 1345 2066 1442 docto

509 1497 665 1582 propter
689 1465 932 1581 indigentiam
955 1480 1001 1553 ab
1022 1478 1081 1553 bis
1103 1476 1438 1576 praelectionibus,
1464 1501 1559 1578 quae
1581 1478 1768 1554 studiosae
1790 1480 1973 1581 juventuti
1993 1506 2065 1555 ac·

492 1641 588 1716 ¹que
605 1614 837 1689 necessariae
860 1641 905 1689 ac
922 1612 1032 1704 utiles
1051 1611 1274 1702 viderentur,
1299 1608 1561 1684 discedendum
1585 1611 1679 1704 fore,
1704 1612 1823 1712 ipsum
1849 1615 2064 1704 commorit,

511 1767 554 1822 ut
568 1748 723 1822 dimidio
745 1747 867 1820 salarii
887 1747 945 1820 sui
965 1762 1118 1845 accepto
1141 1745 1302 1856 doctoris
1321 1744 1485 1818 officium
1504 1743 1543 1816 in
1558 1744 1743 1844 publicam
1759 1745 1952 1820 utilitatem
1965 1774 2061 1823 con·

510 1881 683 1956 tinuaret.
715 1879 963 1977 Heyrenbacb
981 1878 1055 1953 boc
1072 1877 1346 1978 generosissimi
1365 1876 1473 1952 amici
1495 1876 1680 1954 beneficio
1699 1879 1848 1979 adjutus
1865 1903 1986 1978 usquo
2008 1883 2061 1956 nd

511 2032 667 2090 mortem
692 2013 808 2087 literis
837 2031 877 2087 et
908 2012 1047 2114 patriae
1073 2011 1236 2112 profuit,
1261 2036 1333 2085 nec
1363 2012 1445 2112 ejus
1475 2028 1594 2087 morte
1623 1982 1818 2113 quisquam
1846 2015 1962 2112 magis
1990 2015 2059 2089 ed·

509 2148 632 2224 dictus
655 2147 771 2237 visus,
797 2173 906 2246 quam
928 2146 1025 2220 idem
1045 2145 1130 2235 ille,
1156 2144 1358 2244 quiritum
1382 2144 1588 2244 sumptibus
1609 2147 1684 2220 suis
1704 2163 1982 2226 sustentaverat.

605 2281 673 2358 Vir
687 2280 799 2356 tantis
811 2280 1005 2356 virtutibus
1015 2278 1218 2380 praeditus,
1233 2295 1365 2376 totque
1377 2277 1515 2353 meritis
1527 2279 1683 2378 insignis
1702 2280 1833 2355 morbo
1850 2279 2057 2356 inflamma·

496 2417 605 2507 ¹torio
629 2433 821 2514 correptus
842 2432 899 2489 est
917 2423 972 2499 16.
987 2385 1076 2516 Meji
1089 2416 1288 2509 Anima,
1313 2413 1352 2483 in
1370 2412 1480 2518 domo
1504 2411 1612 2486 liberi
1622 2413 1777 2487 Batonis
1794 2413 2058 2506 debocelle‚

508 2549 667 2624 celebris
693 2573 904 2645 graecarum
925 2547 1111 2622 literarum
1135 2547 1309 2635 cultoris,
1334 2543 1381 2621 ad
1406 2570 1516 2643 quem
1544 2546 1734 2622 visendum
1764 2573 1805 2620 se
1832 2549 2054 2628 contulerat.

508 2681 583 2757 Ubi
604 2679 775 2754 valetudo
799 2683 879 2778 ejus
901 2698 1055 2780 repente
1084 2681 1123 2752 iu
1148 2697 1289 2756 tantum
1311 2678 1515 2779 periculum
1539 2679 1690 2769 incidit,
1715 2697 1757 2754 ut
1780 2679 1928 2756 domum
1950 2707 2052 2758 susm

507 2813 635 2888 revehi
660 2813 843 2912 nequiret.
876 2815 952 2887 Iam
973 2831 1125 2914 postero
1153 2813 1214 2888 die
1238 2814 1335 2888 inter
1362 2813 1551 2915 amplexus
1573 2813 1684 2889 amici
1708 2813 1887 2890 carissimi
1916 2841 1961 2892 ex
1979 2817 2054 2892 vita

509 2925 691 3038 decessit,
715 2971 850 3021 annum
872 2973 986 3045 agens
1004 2945 1267 3047 sexagesimum
1283 2964 1436 3024 sextum.
1635 3041 1638 3050 ,

607 3081 698 3183 Ejus
719 3081 859 3156 obitum
879 3080 947 3157 viri
966 3079 1102 3155 literati
1119 3105 1187 3181 per
1204 3105 1350 3156 omnem
1366 3085 1552 3182 Europam
1572 3081 1751 3156 luxerunt.
1779 3079 1883 3158 Folia
1899 3082 2050 3183 publica

504 3216 601 3292 banc
623 3216 869 3314 gravissimam
885 3209 1069 3288 literarum
1086 3216 1265 3316 jacturam
1284 3242 1360 3290 non
1375 3233 1580 3292 tacuerunt
1614 3215 1886 3290 Illustrissimus
1905 3219 2048 3318 Heyne,

387 3349 392 3357 '
506 3351 572 3449 qui
592 3325 871 3433 Wibltelmanni
897 3349 1110 3422 memoriam
1137 3349 1177 3422 in
1198 3351 1393 3426 Germania
1422 3351 1648 3450 panegyrico
1676 3349 1914 3449 eloquentiae
1935 3351 2047 3452 pleno

489 3483 781 3578 'honestaverat,
807 3501 846 3557 et
864 3499 992 3557 nostro
1002 3483 1260 3583 Archaeologc
1276 3486 1373 3584 justa
1388 3484 1632 3586 persolvenda
1651 3483 1831 3587 suscepit,
1857 3511 1929 3560 nec
1951 3489 2047 3587 apud

503 3635 645 3692 exteras
666 3635 798 3718 gentes
822 3613 1021 3691 deluebunt
1039 3617 1107 3692 viri
1126 3618 1244 3712 docti,
1270 3620 1453 3720 probique
1474 3618 1661 3694 literarum
1683 3621 1956 3712 aestimatores,
1983 3625 2045 3720 qui

501 3752 651 3852 publice
681 3753 960 3852 profiterentur,
1001 3768 1231 3852 quantopere
1258 3753 1399 3828 Ecltbel
1430 3771 1557 3828 noster
1586 3753 1634 3827 de
1663 3754 1855 3854 republica
1886 3753 2044 3832 literaria

500 3883 720 3984 promeritus
745 3885 886 3962 suisset.
923 3885 1039 3986 Cujus
1060 3887 1117 3960 rei
1139 3857 1398 3961 dodumentum
1421 3887 1514 3962 baec
1535 3887 1615 3987 ipss
1639 3887 1771 3962 notitia
1795 3887 1958 3964 literaria
1977 3910 2042 3980 est,

501 4045 623 4117 quam,
642 4019 828 4109 aMillino,
852 4019 1000 4095 Parisiis
1021 4020 1060 4092 in
1079 4021 1256 4095 societate
1272 4019 1637 4121 philomatbicaolim
1651 4021 1874 4122 praelectam
1893 4050 1938 4100 cx
1951 4026 2042 4100 idio·
2127 4065 2133 4072 ·

366 4235 373 4254 ,
498 4147 594 4226 m'ete
617 4153 760 4228 Gallico
782 4135 894 4227 latine
915 4153 1071 4230 reddere
1096 4173 1135 4229 et
1157 4153 1261 4230 bisce
1279 4153 1549 4232 Additamentis
1568 4154 1773 4260 praefigere
1796 4185 1934 4261 operae
1960 4186 2042 4260 pre·

488 4289 593 4382 ¹tium
613 4274 728 4364 visum
750 4305 817 4362 est.

595 4421 842 4499 Vindobonae
862 4420 1037 4502 Calendis
1060 4424 1218 4524 Augusti
1244 4431 1345 4510 1826.
