4404 5564
403 571 416 582 ·
478 565 845 646 netossrno
881 512 1138 644 stolato
1175 565 1419 650 seuseu.
1675 589 1723 638 xv

276 737 333 816 lta
354 739 496 814 Eclthel
514 757 641 815 noster
658 739 706 813 ds
728 763 770 814 re
793 737 956 814 numeria
972 756 1069 814 unus
1085 727 1249 818 omnium
1269 741 1409 840 optime
1427 739 1580 817 meritus
1598 762 1666 834 est,
1682 761 1724 818 ut

116 943 119 956 .
183 876 247 976 qui
266 871 513 952 exactissimus
532 895 698 974 quasque
716 889 756 948 et
773 871 995 948 certissimas
1010 863 1183 950 notiones
1194 876 1233 948 in
1249 899 1363 952 unum
1382 899 1516 979 corpus
1533 875 1723 956 doctrinae

180 1009 374 1112 redigere,
401 1027 439 1084 et
458 1033 606 1084 omnem
625 1004 816 1083 scientiam
837 1005 1126 1084 numismaticam
1146 995 1321 1086 methodc
1338 1011 1620 1116 philosophicae
1638 1013 1724 1088 suh·

180 1145 296 1245 jicere
315 1145 485 1221 instituit
517 1143 580 1218 Ad
599 1135 702 1243 qnod
723 1165 817 1244 opus
834 1141 1098 1242 perficiendum
1110 1161 1212 1220 certe
1229 1127 1384 1244 plurima
1405 1171 1524 1248 ecque
1545 1145 1728 1225 rarissima

180 1279 467 1380 requirebantur
482 1277 623 1377 ingenii
638 1275 838 1378 praesidia,
864 1277 1007 1352 scilicet
1025 1278 1258 1377 cognitiones
1278 1279 1316 1352 in
1333 1305 1568 1382 quocumque
1588 1307 1725 1382 genere

183 1414 402 1490 eruditionis
421 1413 500 1487 lere
521 1414 744 1502 immensae,
769 1409 930 1488 studium
951 1436 1146 1486 nemorum
1174 1412 1340 1488 funditus
1371 1415 1603 1507 exhaustum,
1629 1416 1725 1516 judi·

183 1549 279 1624 cium
298 1569 425 1622 sanum
436 1600 449 1637 ,
474 1545 654 1648 praecisio
673 1545 838 1620 idearum
858 1545 1029 1638 maxima,
1055 1547 1197 1620 animus
1214 1547 1384 1622 immunis
1404 1573 1425 1622 a
1446 1545 1726 1650 praeoccupatis

182 1682 433 1785 opinionibus,
451 1683 505 1756 vis
528 1680 709 1756 ratiocinii
728 1679 964 1781 praepollens
980 1696 1021 1752 et
1037 1678 1228 1778 diligentia
1246 1681 1334 1772 veri,
1355 1681 1441 1783 styli
1463 1683 1626 1782 denique
1643 1705 1726 1783 pcr-

182 1817 359 1914 spieuitas
380 1841 530 1890 summa.
557 1818 720 1916 Quarum
742 1814 913 1888 virtutum
943 1812 1043 1887 nulla
1064 1811 1183 1888 defuit
1199 1814 1459 1916 Archaeologo
1487 1833 1627 1890 nostro.
1648 1818 1728 1889 Me·

183 1950 319 2024 thodus
337 1973 402 2024 aua
422 1946 518 2026 adeo
534 1947 689 2049 probatu
706 1942 777 2020 suit
796 1948 927 2022 doctae
939 1951 1121 2046 Europae,
1140 1965 1182 2021 ut
1202 1968 1239 2022 et
1257 1949 1400 2024 cunctis
1422 1951 1609 2049 operibus,
1631 1975 1728 2048 quae
1814 1947 1821 1956 “

184 2085 231 2160 de
260 2110 300 2158 re
325 2081 492 2156 numeria
511 2081 814 2182 publicarentur,
838 2099 878 2156 et
892 2081 1044 2180 singulis
1065 2081 1203 2154 Museis
1219 2083 1433 2157 ordinandis
1448 2084 1554 2160 basin
1574 2085 1728 2186 praebc-

183 2235 259 2308 ret,
288 2241 399 2318 quam
419 2215 621 2290 hodiedum
640 2215 816 2318 praebet,
842 2239 1063 2316 semperque
1086 2215 1296 2315 praebitura
1322 2235 1389 2292 cst.
1415 2219 1514 2319 Quin
1541 2220 1730 2319 systemati

185 2350 362 2426 botanieo
379 2349 515 2424 Linnei
537 2349 576 2423 in
606 2373 652 2423 eo
679 2350 885 2450 proevalet,
912 2349 1014 2448 quod
1044 2349 1155 2422 nullis
1181 2349 1350 2423 innititur
1375 2351 1647 2428 characteribus
1673 2379 1730 2426 se·

187 2484 372 2560 cundariis
392 2483 562 2582 adeoque
579 2484 673 2556 nulli
693 2481 885 2557 mutationi
904 2507 1066 2580 unquam
1085 2481 1243 2558 obnoxia
1265 2501 1341 2573 est,
1367 2485 1438 2560 nisi
1460 2485 1583 2584 quoad
1604 2486 1731 2584 singu·

186 2621 243 2696 los
265 2643 421 2708 numos,
444 2641 603 2717 quorum
624 2643 719 2692 nnus
741 2619 878 2692 alterve
899 2599 995 2698 sorte
1018 2617 1136 2691 minus
1157 2619 1226 2689 rite
1251 2618 1451 2717 explicatus
1474 2620 1597 2696 suerit.
1632 2623 1731 2718 Ergo

186 2753 381 2828 methodus
400 2752 627 2827 Eclthelisna
650 2752 775 2853 quoad
806 2749 970 2849 singulos
996 2775 1127 2824 numos
1150 2777 1294 2852 semper
1316 2752 1465 2851 quidem
1490 2753 1732 2854 perfectionis

186 2877 444 2988 patiens'crit,
469 2888 537 2963 sed
556 2904 770 2964 constanter
790 2883 918 2960 eadem
939 2883 1103 2959 monebit
1123 2911 1204 2960 cnm
1223 2885 1261 2957 in
1284 2885 1384 2978 basi,
1409 2905 1487 2960 tum
1514 2889 1554 2961 in
1577 2887 1708 2963 forma.

284 3025 367 3098 lam
388 3019 497 3096 facile
521 3021 760 3122 intelligitur,
786 3039 946 3120 quantos
972 3019 1148 3096 scientiae
1168 3021 1361 3096 thesauros
1382 3023 1594 3122 complexus
1622 3020 1736 3095 fuerit

188 3158 333 3230 animus
351 3154 438 3244 viri,
465 3157 530 3252 qui
554 3171 695 3228 tantum
713 3179 808 3254 opus
824 3155 1004 3254 perlicere
1027 3154 1191 3231 caluerit.
1217 3155 1314 3228 Hinc
1336 3156 1444 3230 etiam
1466 3157 1606 3231 oraculi
1622 3157 1737 3230 instar

189 3291 281 3380 suit,
308 3289 409 3389 quod
428 3287 665 3362 consulerent
685 3313 835 3377 omnes,
863 3291 1087 3388 quicumque
1109 3287 1266 3386 aliquam
1286 3287 1541 3364 difficultatem
1559 3289 1651 3364 inre
1669 3315 1737 3360 nu·

177 3425 305 3500 'maria
324 3422 605 3526 proponendam
629 3420 888 3495 solvendamvc
911 3421 1104 3494 haberent.

289 3561 395 3660 Quae
413 3557 608 3655 hucusque
631 3555 728 3630 dicta
749 3571 835 3628 sunt
846 3605 857 3646 ,
883 3553 1092 3647 sufficient,
1118 3571 1159 3630 ut
1177 3553 1345 3630 Echhelii
1365 3583 1438 3657 qua
1458 3557 1525 3630 viri
1544 3553 1644 3631 docti
1663 3583 1738 3631 mc·

191 3694 261 3770 rita
287 3694 327 3766 in
354 3689 547 3791 republica
578 3689 740 3764 literaria
769 3705 1052 3788 cognoscantur.
1104 3691 1302 3790 Superest,
1327 3709 1370 3766 nt
1399 3715 1518 3792 panca
1550 3690 1737 3776 addamus,

191 3829 327 3929 quibus
348 3825 467 3927 palam
488 3826 570 3916 fiat,
599 3842 737 3925 quanta
758 3824 870 3898 inerit
901 3823 941 3896 in
963 3824 1111 3898 homine
1134 3850 1274 3901 morum
1295 3827 1509 3902 amabilitas.
1541 3825 1739 3900 Pulchrum

192 3982 270 4055 est,
293 3989 400 4062 quem
431 3980 584 4062 propter
614 3961 755 4059 ingenii
783 3959 1071 4057 magnitudinem
1094 3939 1304 4052 admireris,
1330 3961 1488 4038 eundem
1509 3961 1660 4062 dignum
1681 3987 1740 4035 ex·

192 4093 348 4188 sistere,
374 4123 484 4196 quern
507 4121 606 4169 ames
630 4113 667 4168 et
691 4094 813 4194 magni
832 4095 1013 4170 aestimes.

290 4232 431 4312 Eclthel
451 4231 562 4306 animi
581 4231 773 4304 nobilitate
794 4255 872 4302 non
889 4229 1009 4304 minus
1022 4253 1131 4329 quarn
1150 4227 1383 4331 simplicitate
1397 4243 1435 4304 et
1453 4226 1663 4304 sinceritate
1675 4253 1741 4302 sua

195 4369 377 4445 excelluit.
404 4367 636 4441 Sententiam
653 4390 755 4438 suam
774 4389 851 4437 non
873 4365 944 4439 nisi
964 4365 1104 4439 diutina
1120 4364 1417 4474 consideratione
1434 4382 1647 4469 maturatam
1658 4387 1743 4461 pro·

193 4504 289 4593 tulit,
311 4519 448 4576 etcum
466 4499 717 4574 moderamine
731 4499 945 4572 enuntiavit.
970 4503 1135 4588 Errorcs,
1148 4499 1179 4572 si
1200 4524 1295 4598 quos
1309 4493 1536 4586 incurrisset,
1554 4495 1743 4570 modestus
1775 4565 1779 4576 ,

195 4639 347 4740 agnovit
361 4634 568 4734 docilisque
581 4635 797 4708 emendarit.
811 4636 854 4705 In
865 4635 976 4706 rebus
992 4635 1173 4733 ambiguis
1188 4631 1355 4707 dubitare
1371 4632 1499 4705 maluit
1518 4657 1628 4731 quam
1639 4635 1744 4732 parc'·

197 4775 292 4850 doxa
303 4770 492 4874 prosequi.
514 4769 616 4845 Nihil
628 4768 699 4840 nisi
714 4794 837 4842 verum
850 4769 1053 4868 requisivit.
1078 4772 1121 4841 In
1140 4767 1299 4842 amicitia
1313 4767 1504 4868 jungenda
1526 4793 1601 4840 non
1621 4791 1743 4868 prom·

197 4927 302 5010 ptus,
329 4924 385 4983 ast
403 4900 527 4982 firmus
552 4921 589 4980 et
612 4921 786 4980 constans
811 4905 892 4978 fuit.
918 4905 1062 4980 Patriae
1085 4901 1354 4978 amantissimus
1375 4921 1413 4976 et
1436 4901 1718 4978 addictissimus.
