4482 5560
466 385 541 474 arr
797 347 804 361 '
964 489 965 496 Ν
1100 381 1295 490 cleve
1328 383 1393 458 111.

469 569 590 652 justum
609 562 869 647 experimentum
886 561 949 626 iuis
965 561 1130 626 collatum.
1158 561 1214 623 Ait
1271 565 1420 651 Appiano
1457 563 1542 628 hauc
1579 563 1713 629 Curioni
1747 568 1922 632 vanitatem
1963 589 2019 633 cx.

470 669 639 734 Diodorus
663 663 792 754 Siculus
808 665 854 746 ⁸),
884 686 1012 729 morem
1033 665 1134 726 luisse
1157 663 1215 724 mi·
1271 667 1447 752 probraate
1464 667 1508 749 ι).
1550 667 1602 729 De
1621 667 1660 731 1..
1686 665 1805 732 Pisone
1829 670 1948 733 Cicero
1964 667 2015 753 ι])ι

469 771 582 835 litibus
604 767 777 840 Romanis,
808 779 858 842 ιιι,
889 768 917 829 ai
948 766 1019 851 quia
1049 765 1214 828 exercitus
1271 774 1452 851 appelletur
1474 780 1524 831 ert
1539 772 1591 833 lie
1608 773 1767 834 oultmiur
1785 776 1876 836 illiue
1887 777 2019 853 provin·

470 869 686 952 tluxxcollutis
708 866 808 950 signia
830 887 927 950 supra
953 887 1011 930 rex
1034 867 1135 928 millia
1157 868 1215 929 ho·
1270 875 1360 948 eice,
1382 861 1628 956 (Macedoniae)
1650 875 1680 931 ri
1696 875 1761 933 diis
1775 877 1898 951 placet,
1921 878 2018 953 impe·
2077 867 2084 879 ’

470 976 569 1038 atium
598 970 787 1046 cecidisset,
826 969 1004 1051 imperator
1035 972 1216 1054 appellare·
1272 982 1370 1034 rator.
1400 967 1562 1034 Nimirum
1581 971 1614 1031 in
1634 971 1720 1033 hunc
1738 971 1900 1034 honorum
1916 973 2020 1037 licen·

468 1089 533 1140 rur.
577 1074 742 1155 Appianus
763 1091 891 1154 quoque
909 1071 995 1133 hunc
1016 1068 1095 1133 olim
1113 1073 1217 1134 hono·
1271 1071 1335 1132 tius
1359 1083 1410 1133 eat
1434 1071 1631 1149 involutum,
1655 1075 1728 1156 quia
1750 1073 1876 1136 aridius
1903 1073 2020 1138 ambiri

468 1198 541 1242 rem
560 1175 688 1237 nonnisi
704 1185 777 1257 post
793 1172 1067 1253 praeclarissimas
1088 1194 1142 1236 res
1159 1195 1216 1258 ge·
1272 1172 1398 1256 eoepit,
1428 1173 1498 1238 aire
1523 1175 1670 1239 vanitatis
1694 1175 1855 1258 impulsu,
1887 1176 1957 1238 aire
1984 1189 2020 1239 ut

468 1292 534 1343 atas
559 1277 659 1338 luisse
686 1276 894 1357 impetratum
920 1288 1028 1337 narrat
1052 1273 1103 1356 b)‚
1136 1278 1225 1361 quin,
1270 1273 1345 1360 plus
1374 1273 1408 1334 iu
1433 1274 1546 1338 castris
1571 1276 1771 1340 auctoritatis
1788 1275 1857 1338 'sibi
1883 1275 2018 1340 accede·

470 1394 505 1444 et
525 1377 629 1453 addit,
652 1377 744 1440 illum
764 1389 868 1440 aetate
889 1377 1213 1444 auanonuiuicaesia
1270 1389 1334 1440 ret.
1379 1377 1525 1440 Auctore
1559 1377 1668 1440 Dione
1694 1374 1720 1458 ἱ),
1747 1379 1793 1440 M.
1825 1377 1948 1442 Brutus
1982 1377 2015 1440 in

470 1483 586 1546 decem
615 1479 755 1541 hostium
786 1478 929 1540 millibus
958 1477 1057 1538 tribui
1077 1496 1214 1540 conrue-
1271 1478 1415 1540 Thracas
1433 1479 1554 1542 Bessos
1570 1479 1739 1564 profectur
1756 1491 1824 1554 est,
1843 1490 1879 1540 ut
1895 1497 2017 1578 nomen

468 1584 575 1658 visae,
597 1580 655 1643 aad
675 1577 760 1661 quod
779 1577 1000 1640 testimonium
1019 1580 1102 1642 inira
1120 1569 1214 1642 revo-
1270 1577 1332 1638 sibi
1356 1563 1613 1664 dignitatemque
1641 1579 1849 1662 imperatoris
1873 1594 2016 1664 pararet,

471 1685 625 1747 nubimus.
667 1683 812 1754 Verumu
851 1692 887 1740 ιιι
924 1679 978 1755 lit,
1018 1693 1104 1740 tanta
1144 1679 1218 1766 laus
1270 1697 1335 1761 quo
1365 1677 1492 1742 lucilius
1522 1695 1635 1743 contra
1658 1680 1831 1744 Caesarem
1860 1695 1894 1744 et
1915 1684 2015 1746 Anto·

468 1807 622 1852 successu
638 1783 795 1867 temporis
814 1779 923 1862 coepit
938 1779 1111 1844 vilescere.
1133 1779 1213 1861 Ejus
1270 1779 1359 1840 nium
1382 1777 1507 1844 bellum
1531 1802 1651 1864 gerere
1674 1795 1795 1863 posset.
1817 1784 1854 1844 Ιιι
1876 1771 2015 1850 saniem

468 1890 563 1950 testis
587 1884 735 1968 locuples
757 1882 902 1956 Tullius,
924 1882 979 1966 qui
1005 1881 1118 1942 rolens
1140 1901 1214 1964 per·
1271 1882 1341 1962 ejus
1361 1881 1446 1946 tituli
1463 1885 1725 1946 communionem
1742 1884 1783 1947 ab
1802 1883 1950 1949 exercitu
1965 1907 2019 1952 rc·

469 1987 609 2052 suadere
635 1985 777 2060 senatui,
818 1996 851 2072 ιιι
875 1982 1107 2056 Octavianum,
1138 1981 1215 2043 Hir·
1269 1981 1401 2064 ceptum
1434 1985 1579 2048 Cassium
1613 1998 1722 2047 narrat
1750 1985 1946 2050 Plutarchus
1970 1986 2017 2070 k).

470 2094 567 2164 tium,
597 2101 632 2151 et
652 2089 789 2150 Pansam
811 2085 1028 2166 imperatores
1050 2082 1216 2166 appellata·
1271 2084 1324 2145 De
1361 2084 1499 2168 Metello
1534 2083 1688 2169 Scipione
1725 2086 1845 2151 Caesar
1865 2083 1909 2169 Ι)ι
1953 2091 2017 2152 Hir

469 2192 529 2254 dos
557 2189 769 2265 decerneret,
800 2187 887 2272 quud
907 2183 1108 2268 praeclaram
1129 2181 1213 2268 apud
1271 2191 1462 2264 temporibus
1474 2189 1586 2267 Scipio
1608 2193 1806 2253 detrimentis
1826 2195 2015 2276 quibusdem

468 2292 626 2356 Mutinam
652 2289 693 2352 tle
719 2291 764 2350 M.
792 2289 934 2352 Antonio
967 2287 1135 2350 victoriam
1163 2305 1214 2348 re·
1270 2291 2017 2373 circementemdmenumacctptisaeaeimpe·

469 2395 639 2469 tulissent,
657 2393 717 2454 itae
734 2391 835 2453 utitur
853 2389 1000 2453 oratione
1017 2391 1063 2470 ο)ι
1085 2395 1215 2454 Etenim
1270 2375 1408 2452 reterens
1422 2391 1649 2469 appellaverat.
1671 2395 1778 2476 Atque
1794 2393 1827 2454 in
1841 2392 1905 2456 hoc
1918 2415 2016 2456 seusu

469 2503 524 2562 eui
548 2499 665 2578 viqinti
685 2497 735 2554 leia
755 2496 851 2554 annis
873 2496 1063 2574 supplicatio
1086 2496 1213 2553 decreta
1270 2507 1335 2550 non
1374 2509 1495 2572 paucos
1537 2492 1683 2556 videmus
1724 2497 1810 2558 viros
1849 2496 2016 2559 Romanoa

469 2610 533 2674 erl,
551 2609 588 2660 ue
601 2617 664 2658 reon
679 2599 848 2673 imperator
860 2599 1074 2672 appellaretur
1085 2604 1143 2655 eet
1155 2596 1214 2652 mi·
1269 2587 1305 2650 in
1333 2587 1525 2654 familiarum
1554 2593 1660 2656 numis
1692 2594 1907 2678 imperatores
1939 2597 2017 2661 dici.

469 2695 803 2775 nimiarebuaycstir,
821 2695 1213 2778 autpleremque'nullio?
1269 2690 1366 2760 Victo
1414 2691 1455 2754 ad
1493 2697 1649 2758 Mutinam
1696 2695 1837 2758 Antonio
1877 2695 2014 2774 Hirtius,

467 2802 513 2864 Et
529 2819 604 2860 mox
622 2794 706 2855 inira
722 2792 771 2874 ἀ)ι
793 2799 840 2858 At
853 2799 883 2856 si
898 2800 969 2876 quis
985 2800 1211 2878 Hispanorum,
1243 2841 1244 2844 ,
1268 2779 1398 2869 Pansa(
1414 2806 1448 2856 et
1470 2793 1667 2860 Octavianus
1689 2821 1706 2861 a
1729 2797 1885 2862 militibus
1909 2815 1942 2863 et
1964 2819 2014 2863 ae·

468 2913 527 2964 urat
538 2904 719 2971 Gallorum,
741 2907 801 2959 orti
812 2901 964 2958 Thracum
977 2901 1064 2958 mille
1079 2907 1138 2957 aui
1148 2901 1211 2960 duo
1269 2907 1346 2957 natu
1369 2895 1583 2978 imperatores
1606 2914 1679 2961 aunt
1702 2899 1854 2984 appellati
1877 2903 1928 2981 ι’).
1969 2903 2015 2964 Et

467 3003 764 3073 millieoecidiaael‚
782 2999 1212 3061 noneemiaceenauetedi·
1269 3010 1379 3060 narrat
1403 2999 1585 3082 ciceron),
1615 3023 1651 3064 ae
1676 3002 1842 3065 referente
1867 3001 1905 3062 L.
1930 3003 2014 3066 Tor·

467 3126 523 3179 ne,
541 3103 823 3188 quaeinerebruit‚
841 3103 1060 3179 imperatorem
1070 3100 1212 3176 appelle·
1270 3089 1401 3180 quatu'm
1422 3101 1546 3183 magnis
1567 3099 1600 3162 in
1622 3103 1815 3168 Macedonia
1838 3104 1938 3168 rebus
1958 3122 2014 3188 ge·

434 3265 452 3284 ,
468 3216 517 3268 ret
534 3205 690 3266 senalus?
711 3203 760 3265 Ao
775 3201 862 3264 forte
879 3219 942 3260 non
960 3198 1064 3260 multo
1080 3197 1211 3279 majoris
1269 3199 1327 3260 otia
1349 3199 1516 3266 absentem
1539 3202 1662 3268 dictum
1681 3226 1753 3270 ease
1769 3209 2013 3290 imperatorem.

466 3306 529 3368 fuit
559 3306 715 3367 momenti
745 3303 846 3386 ipsius
875 3299 975 3362 Tultii
1004 3299 1139 3364 uictoria
1168 3300 1210 3363 de
1268 3301 1409 3369 Videtur
1430 3303 1552 3368 circum
1575 3321 1726 3398 tempora
1748 3311 1897 3372 exeuntia
1918 3308 2013 3392 reip..
2098 3345 2102 3354 ·

466 3409 583 3474 Amani
614 3403 799 3468 monticolis
831 3413 937 3485 partu,
968 3421 1005 3463 ac
1036 3416 1211 3486 propterea
1269 3403 1445 3489 multisque
1467 3419 1537 3469 tum
1566 3408 1666 3475 rebus
1693 3409 1855 3475 violenter
1877 3407 1911 3476 'et
1931 3411 2015 3476 arbi·

467 3507 675 3593 imperatoria
704 3503 836 3567 nomine
865 3503 1026 3581 decorati,
1057 3507 1118 3568 etri
1146 3524 1213 3568 ma·
1268 3506 1368 3568 trarie
1397 3508 1476 3570 actis
1505 3531 1569 3573 non
1600 3511 1765 3576 obstitisse
1794 3527 1957 3590 senatum,
1986 3514 2014 3576 ai

468 3633 565 3696 gnum
592 3635 610 3672 a
635 3627 671 3670 ae
699 3605 840 3670 hostium
865 3597 1039 3670 nume'rum
1070 3627 1210 3683 caesum,
1269 3605 1340 3690 quis
1364 3629 1404 3672 ex
1427 3621 1522 3674 cauta
1552 3613 1648 3676 ctiam
1673 3633 1739 3677 non
1762 3615 1844 3697 juata
1867 3639 1885 3678 a
1907 3614 2015 3678 militi·

468 3727 503 3778 οι
524 3713 690 3776 victoriam
710 3709 824 3791 justam
850 3709 981 3772 relatam
1005 3709 1037 3770 in
1063 3710 1211 3792 epistolis
1268 3707 1329 3772 buo
1351 3707 1383 3772 in
1405 3713 1476 3774 acie
1506 3703 1685 3797 appellatus
1714 3731 1800 3778 esset
1823 3719 2012 3798 imperator,

469 3817 535 3881 suis
550 3817 619 3902 ipse
638 3813 806 3900 scripserit
821 3813 861 3892 ι).
893 3810 998 3903 Quam
1015 3811 1097 3875 levis
1111 3811 1213 3873 luerit
1269 3826 1300 3873 at
1322 3812 1450 3894 signum
1468 3814 1637 3897 approbati
1656 3815 1891 3898 ejasasenatu
1910 3815 2012 3882 hono·
2065 3889 2071 3898 .

445 3932 580 3993 'causa‚
603 3917 646 3979 ob
666 3937 760 4002 quam
780 3915 814 3976 ia
836 3912 924 3976 bello
947 3913 1036 3976 civili
1055 3911 1211 3976 Africano
1268 3915 1314 3976 rir
1336 3914 1453 3989 luisse,
1477 3915 1605 3998 quando
1633 3915 1660 3976 ia
1689 3931 1824 4000 accepto
1855 3917 2010 3982 victoriae

469 4021 649 4103 imperator
674 4019 827 4080 salutatus
856 4016 1043 4094 autcario,
1072 4033 1114 4078 ex
1141 4014 1212 4098 ipra
1268 4015 1386 4079 nuncio
1398 4015 1666 4101 supplicationem
1680 4016 1838 4084 decrevit.
1851 4017 2012 4087 Videltne

469 4119 616 4187 Caesaris
660 4119 856 4182 narratione·
886 4119 1054 4200 colligitur
1083 4115 1134 4204 s),
1177 4133 1211 4183 et
1267 4118 1465 4204 pertinentia
1497 4115 1583 4201 apud
1617 4117 1811 4182 Ciceronem
1848 4121 1955 4204 ipsum
1970 4123 2011 4205 ⁰).

504 4293 536 4362 a)
554 4309 589 4347 er
607 4288 639 4346 L.
658 4289 794 4348 XXXVI.
814 4287 906 4366 eclog.
925 4299 951 4353 3.
1032 4287 1068 4363 b)
1087 4285 1160 4348 Bell.
1181 4287 1238 4348 cir.
1258 4287 1290 4344 L.
1308 4287 1346 4345 11.
1366 4305 1391 4344 c
1410 4293 1493 4358 iti·¹
1536 4291 1565 4356 c)
1584 4285 1658 4344 Phil.
1680 4287 1759 4346 XIV.
1781 4305 1806 4345 c.
1824 4287 1852 4350 ’4.
1934 4291 1969 4366 d)
1990 4293 2012 4356 l,

467 4405 494 4446 r.
514 4399 539 4440 c.
559 4389 586 4444 5·
686 4381 717 4443 cl
736 4375 776 4436 ad
794 4377 881 4436 nuic.
900 4377 933 4434 L.
953 4377 991 4442 V.
1011 4398 1057 4453 ep.
1076 4389 1129 4448 ιο,
1148 4376 1188 4435 ati
1206 4374 1310 4436 Fumil.
1330 4375 1362 4436 L.
1382 4370 1418 4434 Il.
1439 4395 1485 4454 cp.
1506 4389 1550 4438 to.
1649 4376 1677 4450 l)
1697 4377 1734 4435 de
1753 4377 1828 4439 Bell.
1847 4380 1905 4441 civ.
1924 4381 1956 4442 t.
1973 4385 2010 4444 ll.

468 4497 493 4532 a.
512 4471 621 4537 2526.
720 4471 751 4546 g)
770 4466 842 4529 Bell.
863 4467 1026 4532 eiecti.
1126 4465 1159 4541 lt)
1178 4467 1209 4526 iu
1228 4470 1325 4528 Piaoc.
1346 4487 1371 4524 c.
1393 4468 1438 4531 t6.
1516 4467 1539 4539 i)
1559 4467 1591 4524 L.
1611 4467 1733 4531 XLVil.
1754 4473 1780 4544 l.
1800 4481 1846 4534 25.
1927 4471 2011 4548 liin

465 4567 670 4628 cantasse
754 4556 970 4646 ¹hoeltein
991 4555 1131 4620 L.111.e
1159 4568 1204 4622 31.
1305 4560 1345 4634 m)
1365 4558 1422 4618 oio
1440 4559 1471 4617 L.
1491 4558 1596 4622 xtvt.
1616 4563 1643 4634 ι.
1661 4571 1706 4626 aa.
1809 4565 1841 4640 n)
1863 4561 2008 4624 incisor.

468 4673 494 4712 a.
516 4667 558 4727 19.
658 4653 691 4724 o)
711 4649 793 4712 Orat
815 4651 852 4712 de
872 4651 1006 4731 proriae.
1027 4645 1139 4708 consul.
1159 4667 1184 4706 c.
1203 4650 1223 4713 6
1241 4659 1269 4705 et
1287 4661 1314 4717 7.
