4462 5552
421 418 492 502 no
906 404 1224 484 arronem
1263 343 1479 480 nonna.
1571 361 1583 436 f

427 602 460 662 in
490 591 646 676 catalogis
669 591 803 654 citatam
826 589 947 675 reperi.
979 588 1189 652 Memmii·
1231 603 1308 673 typo
1323 590 1434 652 militis
1451 586 1579 664 stantis,
1597 586 1629 648 in
1646 606 1761 652 aversa
1777 571 1871 673 capul
1886 588 1975 674 eqni,
1991 579 1994 588 ’

429 722 501 764 nnus
516 709 740 782 supranunoos
757 691 929 774 inscriptos
945 692 1097 764 THEIA,
1120 688 1174 753 rel
1233 692 1348 756 nsldiris
1367 709 1496 776 quoque
1512 688 1613 753 soriis
1634 689 1797 766 numeris,
1820 711 1901 782 quos
1923 690 1982 752 de·

308 801 313 812 '
433 794 679 868 'aurumne
696 792 753 878 qui
767 791 891 855 Theiae
908 790 1086 874 praesentis
1103 810 1174 852 esse
1235 792 1423 876 scripsimus
1440 793 1472 852 in
1490 789 1596 854 nnmis
1615 791 1835 874 Carrhaginis,
1851 790 1979 888 Quibus

433 923 498 965 non
519 909 671 983 possunt,
687 893 768 978 ¹quia
791 894 823 955 in
848 915 958 958 nrerss
979 904 1074 976 caput
1093 891 1180 954 Ana·
1236 895 1363 959 collatio
1390 893 1462 976 jare
1490 893 1569 956 liert
1596 893 1781 972 conjicere,
1812 897 1981 986 utriusque

434 1003 523 1068 alasii
544 998 699 1066 offerunt.
1236 994 1367 1080 generis
1384 1013 1501 1056 numos
1523 993 1672 1072 signatos*
1690 988 1871 1078 imperante
1891 999 1984 1059 lusti·

1081 1157 1090 1168 ,
1236 1100 1351 1170 niano,
1376 1117 1416 1158 ex
1436 1117 1501 1180 quo
1523 1095 1550 1156 is
1569 1094 1706 1159 devictis
1725 1097 1879 1164 Vandalis
1896 1099 1983 1161 Airi-

593 1222 768 1290 Ammmf
787 1221 876 1280 aroc,
899 1191 1025 1280 Rom
1236 1219 1322 1272 eam,
1346 1198 1469 1260 eversio
1484 1197 1601 1258 Gothis
1618 1197 1740 1262 ltaliam
1752 1200 1905 1266 ¹Romano
1923 1200 1984 1262 im·

1235 1299 1329 1387 perio
1347 1299 1498 1373 restituit,
1518 1299 1620 1381 iisque
1636 1297 1742 1360 illatos
1758 1313 1850 1382 typos
1865 1300 1984 1362 utrius·

504 1405 648 1489 Regibus
663 1404 778 1466 Gothis
794 1402 981 1484 adpendieis
996 1401 1096 1463 instar
1110 1401 1182 1463 auli·
1239 1419 1303 1483 qne
1322 1399 1411 1461 urbia
1431 1401 1591 1484 originem
1611 1390 1806 1474 indicantes,
1829 1400 1982 1462 nimirum

377 1497 386 1512 ⁸
440 1511 516 1596 jicio
535 1529 650 1571 numos
668 1521 859 1591 sequentes,
892 1509 1182 1588 quosaiatonomos
1238 1503 1362 1563 Roman
1390 1503 1544 1564 lactantes
1574 1503 1738 1584 geminos,
1779 1501 1987 1584 carthaginis

440 1615 565 1676 Romae
588 1610 658 1690 jure
682 1608 815 1671 dixeris.
1240 1617 1335 1682 caput
1360 1604 1443 1665 acris
1469 1605 1560 1686 equi,
1597 1616 1664 1663 tum
1688 1603 1824 1686 aquilam
1853 1605 1984 1690 imperii

504 1706 856 1779 1Nv1crs.1i0u.·l.
899 1713 1044 1770 Protome
1064 1711 1183 1770 Romae
1241 1720 1370 1787 quoque
1396 1706 1435 1767 li.
1455 1719 1546 1768 verns
1570 1705 1858 1792 insigne‚'aqnilss
1881 1705 1985 1782 binas,

813 1794 824 1808 “
1056 1829 1083 1888 J
1241 1805 1357 1888 quibus
1387 1797 1523 1888 utraque
1552 1807 1673 1880 Roma,
1702 1819 1795 1868 velus
1827 1819 1859 1869 et
1890 1827 1985 1882 nora,

440 1920 585 1998 polenta.
608 1909 769 1993 {Aquila
783 1919 887 1983 stans,
904 1911 939 1970 in
955 1927 1034 1970 arco
1048 1910 1079 1969 X
1094 1910 1183 1988 infra
1242 1903 1440 1988 designatur.
1461 1909 1553 1992 Ergo
1572 1908 1635 1969 hoc
1655 1907 1760 1969 adhue
1782 1928 1861 1972 nevo
1884 1909 1985 1990 gemi-

443 2021 491 2094 A,
514 2020 567 2080 nel
586 2015 637 2074 ·1)·
660 2015 711 2074 nel
731 2010 781 2068 ·E·
823 2011 859 2070 ln
875 2008 962 2070 aliis:
986 2013 1078 2070 Duae
1095 2012 1186 2092 oqui·
1242 2006 1276 2068 ni
1298 2029 1314 2068 a
1340 2008 1413 2089 lupa
1443 2008 1556 2070 nutriti
1585 2009 1706 2072 veleris
1737 2009 1831 2092 hujus
1860 2011 1987 2074 Romae

430 2126 499 2188 lae
520 2121 584 2180 alis
606 2115 758 2193 expansis
778 2121 896 2172 startias
918 2113 976 2172 snb
997 2113 1128 2184 arbore,
1151 2112 1185 2170 ie
1243 2107 1423 2188 symbolum
1443 2121 1515 2172 runt
1533 2108 1652 2186 habiri,
1685 2111 1868 2196 etquidem
1889 2131 1986 2192 quan·

444 2227 509 2284 imo
524 2219 594 2280 XX.
619 2218 653 2275 ln
668 2212 756 2274 aliia:
778 2218 870 2291 Lupa
885 2216 1036 2293 gemellos
1050 2215 1184 2285 lactans,
1243 2207 1285 2270 (lo
1303 2209 1365 2290 jam
1383 2209 1510 2292 priscae
1526 2213 1745 2294 mythologice
1763 2212 1927 2274 miraculis
1945 2233 1985 2274 ex

443 2343 541 2402 supra
568 2317 645 2390 XL,
677 2317 768 2394 infre
791 2313 866 2386 '‘V·,
899 2317 966 2375 nel:
997 2333 1094 2390 supra
1122 2315 1185 2374 deco
1242 2311 1320 2372 nori
1349 2313 1445 2374 eriam
1475 2313 1580 2376 cultus
1607 2313 1790 2398 praeceptis
1818 2311 1900 2376 lidos
1920 2333 1987 2376 non

442 2433 549 2495 astra,
586 2419 677 2497 infra
697 2417 769 2476 XX.
814 2414 896 2476 Sunt
919 2433 1032 2474 omnes
1055 2413 1185 2478 AE.11.
1243 2412 1381 2493 amplius
1407 2427 1456 2476 cst
1482 2415 1598 2480 habita.
1626 2421 1677 2480 ‘At
1701 2430 1831 2498 poterat
1854 2417 1986 2478 innoxie

442 2523 544 2604 (illus.
562 2519 670 2595 Caes.)
1243 2511 1352 2586 credi,
1375 2517 1470 2577 eriam
1498 2518 1578 2579 citra
1600 2517 1735 2580 deorum
1764 2535 1860 2600 opem
1886 2517 1987 2578 inian-

506 2621 587 2682 Cum
603 2627 724 2678 'omnes
745 2613 781 2674 hi
801 2613 888 2674 numi
908 2612 1054 2696 ejusdcm
1074 2632 1185 2675 sccun-
1244 2613 1329 2674 tibus
1349 2628 1525 2680 maternam
1543 2620 1625 2682 hanc
1642 2641 1785 2684 curama
1802 2617 1872 2680 iera
1886 2617 1986 2680 fuisse

442 2720 519 2783 dum
538 2739 651 2781 omnes
674 2736 785 2778 causas
804 2714 936 2780 rollonis
948 2716 1027 2792 sint,
1049 2715 1193 2800 eandem,
1243 2716 1438 2804 impensam,
1462 2719 1589 2802 quando
1610 2719 1726 2784 eadem
1745 2722 1804 2784 lrac
1823 2719 1989 2782 Iustiniani

443 2824 540 2888 eriam
562 2819 622 2880 sibi
644 2831 781 2883 aetatem
799 2816 973 2897 porculam.
997 2821 1068 2880 Non
1086 2817 1186 2902 longe
1243 2831 1366 2894 seinte,
1397 2839 1458 2902 qua
1489 2840 1603 2884 numos
1628 2821 1810 2888 hosensos
1835 2823 1987 2904 conjicio,

444 2941 616 2996 erravero,
636 2920 663 2982 si
680 2939 737 2980 eos
753 2916 803 2978 his
818 2917 1019 3008 temporibus
1036 2919 1185 2985 tribuam.
1242 2919 1275 2979 in
1292 2919 1414 2983 Piceno
1432 2920 1541 2983 ltaliae
1561 2939 1764 3009 compertam
1786 2924 1863 2999 luit,
1886 2923 1989 2988 inian-

443 3029 481 3088 In
507 3022 602 3107 hujus
625 3020 698 3084 sevi
723 3019 828 3081 numis
850 3018 949 3094 nihil,
978 3033 1012 3081 ut
1038 3020 1188 3098 vidimus,
1243 3034 1308 3086 lem
1342 3041 1459 3086 reeens
1492 3038 1618 3100 namin,
1656 3026 1826 3110 solamque
1862 3025 1985 3107 dilapsa

443 3117 648 3208 frequentius
679 3121 842 3197 occurrit,
874 3143 968 3203 quam
998 3123 1185 3190 lNVlC'I'A.
1242 3135 1331 3186 metu
1350 3139 1453 3188 melre
1471 3126 1560 3188 domi
1579 3128 1729 3191 relietum
1746 3152 1763 3190 a
1781 3151 1877 3214 capra
1895 3149 1986 3210 prae·

376 3257 381 3266 ·
441 3229 587 3304 ROMA,
610 3225 788 3308 similisque
807 3235 970 3306 protome.
999 3223 1051 3287 Ad
1070 3224 1185 3288 eadem
1242 3224 1311 3297 hiso
1330 3227 1419 3288 statis
1441 3227 1620 3292 intervallis
1640 3231 1722 3294 lacte
1744 3231 1844 3292 inisse
1864 3245 1986 3291 susten·

442 3329 530 3394 haud
552 3327 649 3391 (labie
671 3341 818 3410 tempora
836 3325 1001 3410 pertinent
1021 3326 1129 3402 numi,
1152 3327 1186 3414 lri
1242 3342 1358 3406 ratam,
1387 3331 1478 3413 cujus
1506 3331 1585 3396 facti
1613 3334 1702 3396 tcslis
1732 3346 1782 3396 est
1805 3330 1988 3416 Procopius

444 3451 573 3518 quoqne
600 3433 694 3495 senei
710 3433 749 3494 ll.
774 3428 916 3493 formae:
937 3428 1184 3494 KARTHAGO
1242 3428 1392 3508 ἁυτοπτης
1407 3433 1448 3514 ·).

1011 3783 1310 3898 'rrnrrnrn
1341 3835 1386 3896 ιι.

506 4047 671 4113 lastiniani
693 4067 735 4111 ex
757 4068 872 4112 sorore
891 4047 1064 4130 vigilantia
1082 4067 1186 4131 nepos
1245 4045 1366 4108 ltaliam
1385 4061 1560 4130 occupant,
1585 4069 1769 4134 novumque
1786 4051 1831 4114 ibi
1850 4069 1987 4136 regnum

445 4151 604 4216 avunculo
637 4151 792 4212 successit
822 4169 907 4214 anno
929 4150 1004 4212 ons.
1047 4148 1187 4211 Biennio
1244 4145 1394 4220 londoni,
1426 4147 1495 4212 sols
1524 4151 1628 4218 Roma
1657 4153 1910 4238 imperatoribus
1938 4175 1988 4217 ro.

445 4266 520 4338 post
540 4252 660 4315 Nartes
688 4251 863 4312 multarum
892 4247 1039 4312 bellidux
1069 4247 1188 4332 palma·
1244 4248 1336 4325 licta,
1367 4263 1402 4312 et
1430 4253 1602 4328 Ravenna,
1634 4275 1716 4340 qaae
1747 4257 1903 4341 deinceps
1933 4275 1988 4326 ox·

442 4377 515 4421 rum
530 4377 547 4417 a
564 4352 684 4438 Sophia
698 4350 809 4412 luscini
825 4369 929 4412 uxore
942 4350 1085 4414 irritatus
1100 4351 1187 4414 Lon·
1242 4351 1393 4418 archatus
1416 4353 1535 4418 Graeci
1559 4358 1691 4422 nomiae
1716 4379 1777 4441 par
1800 4380 1904 4424 ¹srrrnos
1928 4359 1987 4422 ⁸85

442 4455 606 4544 gebardo·
636 4451 791 4526 arcessit,
823 4451 880 4536 qui
909 4469 994 4516 anno
1025 4467 1185 4536 sequente
1243 4455 1350 4518 missis
1366 4475 1407 4520 eo
1421 4456 1704 4543 constantinopoli
1721 4461 1923 4544 praesidibus
1937 4481 1987 4524 re·

479 4685 507 4730 sl
528 4666 601 4724 Bell.
621 4667 709 4724 Goth.
730 4667 761 4724 L.
781 4666 815 4724 ll.
837 4687 860 4724 c.
883 4677 924 4729 17·
1843 4701 1868 4806 f·
1961 4735 1966 4744 Ι
