4476 5564
467 470 539 540 stu
605 435 609 442 ’
755 395 767 415 ’
821 463 823 471 ·
882 509 885 518 f
1099 441 1297 570 cartu
1330 447 1380 524 x.

464 629 533 696 lino
556 633 742 719 conspirant
765 650 894 718 quoqne
916 633 1005 697 numi
1023 637 1097 700 anni
1115 639 1155 703 V.
1174 637 1210 702 C.
1330 632 1391 696 His
1414 630 1580 720 occupatis
1608 629 1813 695 eruditorum
1836 629 1936 718 super
1958 649 2014 696 ex·

467 735 549 820 939,
572 754 711 817 quorum
732 733 788 797 alii
810 755 883 798 cum
901 734 1120 801 inscribantur
1137 739 1209 802 ΤΗ.
1268 732 1363 798 ordio
1384 735 1460 797 trib.
1482 732 1654 820 potestatis
1684 731 1864 800 sententiae
1893 751 2016 816 expon·
2089 727 2092 736 ’

327 895 331 904 ,
463 835 521 912 Ρ.,
553 835 608 898 alii
638 839 708 897 ΤΗ.
730 835 766 896 P.
790 839 848 910 ll.,
879 835 1024 901 iudicare
1047 822 1210 917 ridentur,
1267 835 1404 900 denduo.

453 937 648 1022 ¹Commodo
676 936 759 1000 bauo
788 949 983 1023 potestatem
1011 960 1096 1004 anno
1117 962 1211 1027 prae·

463 1037 604 1105 cedente
627 1037 776 1100 delatam.
1331 1037 1497 1103 Sententia
1514 1038 1540 1102 1.
1559 1056 1691 1113 eorum,
1715 1037 1770 1121 qui
1793 1035 1865 1118 ejus
1887 1038 2010 1101 initium

527 1138 801 1225 Praecipieudum
822 1140 946 1219 adbuo,
977 1157 1104 1206 certum
1124 1163 1209 1223 esse,
1266 1139 1411 1224 adfigunt
1442 1129 1530 1204 annu.
1556 1143 1597 1210 V.
1629 1139 1664 1200 C.
1695 1137 1757 1219 nae
1795 1139 1833 1204 P.
1865 1141 1905 1203 X.
1942 1141 2009 1219 ¹75.

464 1265 484 1307 ι
505 1242 688 1306 Commodo
714 1241 826 1304 initam
847 1243 950 1326 ipsam
971 1243 1046 1307 trib.
1067 1235 1211 1332 potesta·
1266 1263 1349 1328 quoe
1364 1242 1425 1304 soit
1442 1241 1602 1306 sententia
1616 1239 1739 1300 Norisii
1755 1253 1788 1302 et
1804 1237 1912 1324 Pagii,
1934 1263 2012 1326 quo·

463 1356 532 1406 tem
553 1345 671 1410 xvtss.
714 1342 805 1406 Istud
826 1357 951 1407 certum
974 1358 1024 1408 est
1042 1349 1070 1410 1.
1088 1367 1130 1410 ex
1151 1368 1210 1410 uu·
1264 1341 1418 1407 rumille
1441 1344 1625 1427 Capitolino
1648 1341 1753 1404 dicam
1775 1341 1941 1426 impingit,
1970 1365 2011 1408 eo

462 1445 540 1522 mis,
572 1465 654 1528 quos
672 1443 706 1506 in
724 1444 897 1510 Commodi
916 1435 1104 1512 mon'etaad
1121 1448 1208 1513 huuc
1267 1447 1356 1529 quod
1378 1443 1611 1528 perhibente),
1640 1445 1785 1505 Marcum
1808 1445 1947 1506 Romam
1970 1431 2039 1508 οῖ’

419 1583 422 1594 ι
461 1549 661 1618 tribunatum
687 1565 802 1610 omues
827 1546 973 1612 atudIoae
1003 1549 1143 1633 collegi,
1174 1563 1209 1614 et
1265 1545 1405 1611 Oriente
1427 1547 1583 1612 reducem
1606 1546 1838 1628 triumphasse,
1862 1545 1948 1632 quod
1967 1545 2011 1611 ia·

461 1649 577 1714 additis
599 1647 737 1712 testibus
759 1649 911 1714 adcurate
934 1651 1110 1734 descripti,
1139 1651 1208 1734 qui·
1265 1662 1353 1714 ctum
1384 1651 1425 1720 V.
1448 1651 1569 1736 C..qaq
1599 1647 1652 1710 die
1680 1649 1730 1710 ai'.
1760 1648 1858 1726 Dec,
1889 1648 2009 1711 deinde

462 1771 527 1838 que
547 1768 660 1815 omnes
678 1751 762 1814 hanc
781 1771 919 1814 numero
940 1747 1138 1836 potestatem
1152 1771 1207 1815 ex·
1264 1749 1450 1834 profectum
1478 1749 1684 1838 Lanuvium,
1710 1768 1747 1811 ae
1779 1761 1845 1811 tum
1878 1749 2010 1813 demum

461 1851 587 1917 bibent.
610 1855 651 1918 ΙΙ.
676 1852 809 1917 Certum
828 1871 868 1913 ex
887 1855 1120 1938 epigrammate
1140 1873 1207 1916 non
1265 1852 1479 1918 Commodum
1511 1851 1575 1914 sibi
1597 1850 1630 1910 in
1652 1849 1816 1916 tribunatu
1847 1851 2010 1932 collegam

461 1952 579 2017 dubiae
601 1953 720 2050 iterum
742 1953 959 2032 auctoritatis,
989 1956 1077 2042 quod
1105 1956 1208 2019 inser-
1263 1953 1424 2038 junxisse,
1457 1973 1530 2016 cum
1555 1967 1662 2014 tamen
1684 1949 1818 2034 probari
1840 1972 1882 2014 ex
1903 1952 2009 2014 numia

459 2071 532 2119 tum
559 2055 639 2118 moli
666 2053 840 2130 Hadriani,
872 2066 905 2116 et
933 2057 996 2140 ipsi
1023 2057 1205 2136 Commodi,
1262 2076 1361 2139 posse
1391 2067 1501 2138 putet,
1535 2075 1608 2116 eum
1641 2051 1701 2113 illo
1731 2052 1885 2116 donatum
1907 2051 1949 2119 V.
1971 2055 2008 2117 C.

459 2169 496 2220 ut
514 2156 676 2234 creditur,
699 2154 875 2238 sepulchro
890 2157 937 2220 sio
954 2157 1039 2222 binis
1056 2163 1138 2224 loeis
1154 2182 1207 2224 re·
1263 2159 1343 2241 aad,
1376 2170 1429 2233 et,
1459 2170 1496 2221 ut
1517 2155 1668 2236 conjicit,
1699 2174 1749 2236 27.
1772 2154 1945 2217 Februarii
1965 2153 2007 2238 ἲ).

459 2258 577 2321 citatur
602 2280 620 2323 a
645 2256 851 2342 Grutero⁸):
894 2265 931 2326 1..
953 2264 1048 2324 Aelio
1070 2267 1206 2328 Aurelio
1263 2261 1379 2322 Serius
1410 2273 1516 2322 tamen
1545 2257 1684 2320 delatam
1714 2257 1797 2321 bauo
1827 2255 2009 2322 Commodo

413 2365 422 2386 .
461 2363 628 2424 dbmmodo
650 2363 795 2441 deporto
826 2396 868 2409 -
896 2395 938 2408 ·-
966 2395 1010 2408 -
1037 2369 1110 2426 trid.
1137 2379 1205 2445 pot.
1263 2360 1454 2444 dignitatem
1486 2359 1617 2424 circiter
1648 2377 1761 2420 mense
1783 2361 1930 2444 Augusto
1960 2371 2010 2421 est

459 2463 747 2540 XVIII-imperat.
769 2463 1205 2529 7111.c0mutt1111.1².1›.
1263 2463 1410 2546 opinatus
1434 2467 1477 2544 a).
1521 2457 1639 2552 Quoad
1681 2481 1800 2524 annum
1843 2461 2009 2524 consentit

458 2559 553 2625 Idem
574 2561 756 2623 tribunatuo
776 2560 899 2644 legitur
918 2563 950 2622 in
971 2562 1080 2647 lapide
1098 2567 1206 2628 Mura-
1262 2562 1362 2628 etiam
1385 2561 1614 2627 Tillemontius
1630 2557 1674 2644 ¹¹).

336 2725 347 2740 ,
455 2662 536 2726 torii
550 2659 595 2742 1t).
630 2661 783 2744 Denique
802 2664 856 2727 Ill.
876 2663 940 2724 Dio
959 2685 1108 2750 quoque,
1130 2687 1205 2732 cum

456 2763 571 2826 literas
601 2781 619 2823 a
650 2761 832 2827 Commodo
862 2763 904 2828 ad
935 2779 1081 2830 uenatum
1115 2769 1204 2833 datas
1325 2767 1399 2828 Non
1429 2785 1522 2850 agam
1551 2777 1725 2850 patronum
1755 2761 1931 2851 Capitolini
1961 2774 2008 2825 to·

457 2874 710 2937 commemorat,
733 2863 784 2924 bia
807 2883 882 2927 eum
906 2881 1040 2950 praeter
1063 2871 1144 2934 alios
1165 2871 1222 2952 ti·¹
1261 2863 1324 2932 ti'ea
1346 2887 1459 2930 rerum
1489 2867 1639 2954 ordinem
1664 2863 1848 2949 susdeque
1871 2865 2014 2930 miscens

455 2965 534 3029 tulis
552 2986 645 3028 uuum
665 2964 788 3028 referta
812 2971 885 3029 trib.
899 2980 966 3046 pot.
983 2973 1108 3033 XVIII.
1128 2977 1203 3052 imp.
1261 2971 1321 3045 tis,
1354 2967 1503 3052 nihilque
1535 2967 1629 3050 hujus
1660 2967 1835 3032 auotoritas
1857 2967 1889 3029 iu
1913 2989 2008 3034 causa

459 3070 553 3132 Vm.
574 3088 638 3130 eoo.
669 3069 741 3128 VII.
767 3072 804 3132 P.
828 3073 864 3131 P.
887 3069 918 3149 ο)
961 3065 1027 3160 Qui
1050 3069 1203 3153 sibiipsa
1260 3084 1433 3154 praesente
1453 3071 1568 3134 valeat.
1605 3070 1719 3132 Numia
1737 3089 1808 3132 rem
1828 3089 1931 3154 egam.
1968 3071 2006 3133 ln

455 3167 532 3229 trib.
562 3179 757 3251 potestatem
788 3169 906 3236 xv1tt.
936 3169 1070 3247 tribuit,
1109 3172 1202 3236 illam
1260 3170 1320 3234 hae
1344 3171 1489 3234 virorum
1519 3170 1723 3236 eruditorum
1750 3171 1912 3242 sententia
1932 3171 2007 3234 anni

456 3269 677 3343 certeinirit,
702 3284 738 3360 ut
758 3269 841 3332 adeo
863 3269 983 3332 frustra
1006 3273 1203 3338 sirHardui·
1260 3275 1300 3344 V.
1330 3273 1366 3336 C.
1395 3293 1457 3360 quq
1491 3288 1619 3359 partem
1656 3275 1808 3358 priorem,
1837 3272 2007 3356 occupavit

456 3395 535 3448 nus,
559 3371 614 3458 qui
629 3390 745 3433 numos
761 3375 1047 3438 exaeremaximo
1062 3378 1204 3441 tribuna·
1258 3374 1440 3440 tribunatuo
1470 3378 1511 3452 1.,
1542 3391 1669 3458 partem
1698 3377 1835 3440 alteram
1864 3373 2008 3438 tribune·

455 3490 524 3540 tum
540 3473 660 3541 XVIII.
683 3473 909 3558 praeferentes
928 3477 1129 3542 adulterinos
1148 3481 1202 3545 ad·
1258 3491 1310 3540 tus
1327 3481 1385 3557 tt,
1407 3497 1444 3539 ac
1462 3473 1593 3541 demum
1612 3491 1739 3562 partem
1760 3479 1908 3563 priorem
1930 3476 2005 3540 anni
2064 3503 2068 3514 ·

453 3575 685 3667 firmare‘uou
717 3575 858 3650 dubitat,
900 3581 1095 3662 praesertim
1126 3601 1200 3646 cum
1259 3584 1337 3662 995,
1360 3579 1452 3663 eujus
1465 3559 1629 3664 postrema
1645 3580 1698 3642 dle
1714 3581 1828 3644 caesus
1845 3593 1896 3642 est
1909 3579 2005 3644 Com·

454 3679 527 3756 bic,
557 3691 594 3742 ut
624 3677 685 3754 ait,
715 3677 748 3740 iu
778 3680 870 3742 nullo
894 3695 1046 3764 appareat
1068 3684 1200 3748 omniuo
1259 3682 1391 3759 modias,
1414 3681 1594 3746 tribunatus
1616 3685 1738 3759 xv1t.‚
1760 3695 1886 3767 partem
1908 3679 2005 3744 alten·

430 3781 649 3858 ¹numismate
672 3802 787 3856 aureo,
818 3796 994 3866 argenteo,
1023 3805 1123 3848 aereo
1145 3787 1202 3848 tri·
1258 3808 1308 3851 am
1334 3785 1515 3864 tribunatus
1537 3785 1674 3863 xv111.‚
1705 3797 1756 3862 et,
1787 3781 2030 3868 quodnequi.

371 3947 381 3962 ,
455 3905 511 3948 um
543 3883 709 3948 solitarum
741 3884 980 3970 formarunt).
1025 3886 1123 3979 Quod
1144 3887 1203 3949 fal·
1257 3902 1329 3964 tur,
1351 3887 1414 3950 suit
1436 3887 1634 3953 Commodus

454 4005 525 4046 sum
544 4004 634 4060 esse,
657 3985 689 4045 in
709 3985 803 4069 hujus
819 3987 998 4052 tribunatus
1015 3989 1120 4052 numia
1136 4011 1202 4054 ma·

452 4082 574 4148 niseste
592 4088 888 4170 comprobavimus.
921 4091 1012 4152 Idem
1030 4109 1101 4153 cum
1118 4095 1201 4155 Har·
1277 4091 1318 4164 V.
1341 4091 1377 4157 C.
1401 4091 1473 4175 930.
1496 4091 1592 4156 808.
1615 4093 1685 4156 ΤΗ.
1707 4091 1745 4155 Ρ.
1768 4093 1809 4154 ll.
1833 4088 1888 4153 111.

335 4267 339 4276 1
454 4182 555 4248 duino
577 4205 750 4270 perperam
774 4191 914 4252 sensisse
935 4194 1143 4274 Argelatum,
1165 4195 1200 4256 iu
1340 4205 1346 4216 '
1399 4191 1903 4280 931.c08.utt.1³.111.1v.

453 4285 578 4369 adjecta
602 4285 643 4351 ad
671 4291 812 4354 similem
835 4293 1041 4360 Mediobarbi
1065 4317 1198 4360 numum
1397 4297 1470 4383 qde.
1493 4294 1587 4360 008.
1612 4299 1651 4358 11.
1675 4297 1746 4361 ΤΗ.
1770 4293 1807 4357 Ρ.
1831 4293 1891 4361 tv.
1913 4291 1954 4360 V.

451 4387 656 4458 notavideo.
1398 4397 1471 4490 933.
1496 4397 1590 4464 COS.
1614 4401 1653 4462 11.
1677 4399 1747 4460 ΤΒ.
1769 4397 1807 4462 Ρ.
1832 4395 1870 4465 V.
1894 4393 1951 4464 Vl·
2026 4403 2043 4440 “·

487 4628 518 4696 ⁸)
538 4625 607 4708 Peg.
620 4641 684 4696 2⁵3·
700 4641 727 4692 l·
743 4641 772 4688 el
785 4635 847 4696 262.
862 4631 890 4694 6.
914 4638 920 4650 ”
945 4632 980 4706 b)
1001 4633 1068 4713 Peg.
1083 4641 1147 4696 222.
1162 4643 1188 4698 5.
1245 4633 1275 4707 c)
1293 4629 1325 4688 Ι..
1339 4627 1456 4688 LXXII.
1471 4631 1497 4702 9.
1517 4639 1560 4694 15.
1616 4626 1650 4698 d)
1671 4624 1747 4683 Hiar.
1762 4628 1838 4704 Aug.
1855 4646 1922 4704 pag.
1937 4631 2000 4696 794

445 4713 479 4788 θ)
497 4711 562 4778 ¹00·
616 4718 732 4792 Ἠοῖ.
751 4719 873 4784 decenn.
891 4741 960 4804 pag.
980 4735 1041 4790 tte·
1097 4729 1129 4804 g)
1149 4723 1243 4803 Epist.
1259 4741 1340 4784 cons.
1355 4739 1423 4799 pag.
1441 4731 1502 4782 tto.
1559 4715 1594 4790 b)
1616 4717 1645 4774 in
1664 4714 1964 4796 Aurelio.pap.676.
