4404 5564
521 561 599 634 DE
623 556 880 634 mantuo
912 553 1428 636 H1Ls1t10acttnan.
1708 576 1746 632 xa

206 755 288 804 rum
309 727 654 817 anecdotorum,
678 730 702 802 i.
723 755 756 804 a.
777 727 836 804 vel
865 727 1087 804 ineditorum
1108 727 1167 802 vel
1192 753 1384 830 perperam
1407 725 1667 830 explicatorum
1700 758 1745 804 sr

206 861 377 938 omnibus
400 867 572 964 Europae
595 865 770 966 antiquae
791 864 897 938 terris
924 862 1192 962 complectitur.
1225 863 1354 940 Altera
1375 889 1460 963 pars
1484 888 1616 938 numos
1638 865 1749 941 Asiae

206 997 416 1086 etAfricao,
441 1017 633 1098 praeterea
654 1022 806 1088 omues,
831 999 897 1099 qui
917 997 1021 1070 dubii
1043 1013 1107 1070 aut
1129 996 1382 1084 intertisam,
1409 999 1587 1072 continet.
1613 999 1657 1072 In
1676 997 1750 1073 ltoo

204 1154 320 1232 opere
342 1147 463 1206 tamen
482 1131 622 1208 trahet
644 1157 851 1232 perpaucos
873 1149 1012 1207 tanturn
1033 1155 1165 1206 numos
1187 1148 1349 1204 veterum
1372 1133 1625 1206 Romanorum
1649 1129 1749 1207 Con·

203 1263 343 1340 sulum
364 1283 401 1340 ct
414 1267 671 1366 Imperatorios
688 1266 893 1366 descripsit,
910 1281 1038 1366 utpote
1057 1290 1212 1365 qnorum
1231 1265 1382 1340 maxima
1399 1289 1486 1364 pars
1506 1265 1581 1366 jam
1600 1264 1751 1341 aliunde

203 1399 293 1474 satis
313 1400 462 1498 cognita
491 1417 599 1476 esset.
634 1401 706 1474 Rei
726 1401 963 1478 illustrandae
985 1419 1096 1478 causa
1114 1399 1153 1474 in
1175 1399 1249 1473 fine
1265 1401 1375 1474 XVll'
1389 1397 1533 1478 tabulas
1560 1399 1639 1476 aeri
1657 1399 1751 1475 inci·

203 1557 263 1608 sas
287 1531 442 1636 adjecit,
469 1561 564 1636 quae
584 1535 853 1612 multitudinem
879 1563 1072 1610 nemorum
1092 1533 1368 1610 adcuratissime
1396 1533 1668 1610 delineatorum
1691 1559 1750 1610 rc·
1778 1620 1785 1634 ἱ

203 1686 459 1766 praesentant,
485 1686 523 1742 at
547 1695 593 1745 eo
612 1669 694 1768 ipso
714 1695 851 1768 genere
875 1671 1018 1758 meriti,
1042 1671 1143 1768 quod
1166 1673 1205 1742 in
1228 1668 1331 1742 libris
1359 1668 1627 1746 numismatiois
1649 1667 1749 1742 haud

202 1827 286 1876 raro
308 1801 558 1892 desideratur,
583 1803 708 1902 operis
726 1805 984 1903 praestantiam
1007 1827 1231 1903 magnopere
1254 1820 1402 1900 augent.

300 1937 441 2012 Auctor
463 1953 601 2025 noster,
626 1961 725 2026 oum,
743 1937 816 2012 hoo
830 1937 1051 2016 sublimioris
1069 1935 1209 2035 ingenii
1234 1953 1271 2010 et
1295 1937 1487 2012 doctrinae
1509 1951 1749 2012 monumento

201 2084 349 2194 exacto,
374 2069 509 2146 famam
530 2070 691 2144 nominis
719 2073 777 2145 sui
804 2079 844 2145 in
872 2071 1063 2172 republica
1093 2069 1253 2147 literaria
1276 2071 1350 2169 jam
1383 2097 1523 2148 summe
1548 2069 1750 2160 extulisset,

200 2202 326 2300 paullo
355 2220 441 2302 post
467 2203 672 2304 speciosius
695 2202 816 2280 adbuc
836 2205 1045 2304 systematis
1066 2205 1124 2278 sui
1152 2204 1358 2304 exemplum
1383 2205 1549 2278 exhibuit
1577 2207 1618 2277 in
1648 2203 1750 2278 edito

79 2370 85 2392 r
200 2335 378 2434 Catalogo
397 2337 517 2412 lllusei
535 2317 709 2412 Caesarei
728 2337 949 2414 Viennensis
976 2337 1033 2435 a),
1060 2335 1162 2436 quod
1187 2363 1263 2410 non
1295 2354 1435 2416 tantum
1457 2337 1503 2413 ad
1527 2339 1645 2414 instar
1665 2340 1749 2410 Mu·

198 2467 253 2542 sai
274 2469 479 2544 Florentini
502 2471 753 2560 ordinaverat,
779 2472 846 2546 sed
867 2490 904 2546 et
923 2473 1136 2572 permagnis
1152 2496 1345 2552 nurnorum
1370 2472 1550 2547 thesauris
1574 2471 1744 2571 locuple·

198 2621 346 2678 taverat.
374 2607 491 2679 Totus
518 2605 618 2680 enirn
642 2605 776 2681 ollioiis
806 2607 967 2682 muneris
998 2606 1055 2680 sui
1082 2605 1251 2686 addictus
1276 2605 1414 2684 nullam
1443 2607 1744 2706 praetermiserat

200 2738 433 2812 occasionem
454 2739 574 2814 Musei
592 2742 699 2814 novis
718 2741 838 2816 numia
860 2739 917 2815 rel
940 2739 1094 2814 ooe'mtis
1113 2739 1171 2816 vel
1188 2741 1406 2842 permutatis
1425 2740 1635 2844 ampliandi.
1661 2743 1747 2842 Quo

198 2873 298 2946 sacto
322 2891 359 2948 ot
378 2899 509 2947 numos
529 2874 576 2948 ab
597 2874 634 2946 Il
642 2901 781 2974 guero
799 2875 988 2965 collectos,
1014 2891 1053 2950 et
1071 2899 1203 2951 numos
1218 2859 1482 2978 Imperatorum
1501 2894 1698 2975 argenteos
1725 2903 1746 2948 n
1782 2949 1785 2956 ,

196 3007 332 3081 comite
356 3009 536 3082 Ariosti
563 3027 761 3108 congestos
779 3011 1036 3109 adquisiverat.
1077 3011 1184 3110 Quae
1197 3026 1349 3110 propter
1366 3011 1487 3109 ampla
1507 3011 1631 3085 Musei
1650 3011 1746 3086 Cae-

197 3141 292 3214 sarei
312 3141 614 3220 vindobonensis
636 3142 884 3231 incrementa,
912 3171 994 3226 cum
1018 3145 1091 3243 jam
1121 3160 1264 3220 veteres
1289 3143 1433 3219 indices
1464 3143 1683 3220 aFrdblioh
1709 3163 1747 3218 ct

195 3272 304 3350 libell
322 3274 523 3374 conscripti
540 3302 617 3349 non
637 3276 873 3368 sufficerent,
898 3276 1042 3352 Eclrhel
1065 3303 1199 3354 novum
1226 3278 1325 3352 launo
1345 3277 1560 3378 Catalogum
1580 3279 1745 3354 conden-

198 3408 285 3481 dum
308 3409 491 3508 suscepit,
518 3411 582 3507 qui
604 3437 625 3483 a
645 3409 846 3508 primordio
875 3411 991 3486 solum
1015 3411 1164 3510 quidem
1180 3389 1246 3512 ⁴in·
1263 3437 1366 3484 usum
1380 3412 1499 3488 Musei
1523 3412 1741 3502 destinatos,

193 3558 325 3642 postea
349 3569 447 3634 vero,
469 3563 625 3642 urgente
642 3545 863 3621 necessitate
880 3545 979 3646 typis
996 3544 1199 3639 mandatus,
1216 3563 1267 3633 et,
1296 3546 1404 3620 sicuti
1420 3547 1648 3645 praecedens
1661 3573 1746 3622 auo-

193 3677 283 3752 toris
302 3678 418 3751 nostri
438 3703 543 3778 opus,
572 3685 798 3775 Augustae
817 3680 1100 3780 Imperatrioi
1117 3683 1287 3756 Mariae
1307 3681 1555 3758 Therasiae
1586 3681 1742 3770 dicatus,

191 3813 343 3914 publico
364 3813 501 3886 exstitit
531 3814 765 3904 documento,
798 3825 958 3916 quantus
979 3842 1171 3890 numorum
1192 3821 1435 3914 Augustae
1452 3815 1671 3892 liberalitate
1686 3843 1746 3890 au·

192 3949 367 4032 crevisset
388 3949 601 4040 thesaurus,
613 4041 616 4048 Ι
627 3969 841 4051 quantaque
860 3969 959 4026 esset
975 3952 1146 4027 Caesarei
1161 3951 1384 4028 Viennensis
1401 3953 1521 4026 Musei
1539 3951 1739 4052 opulentis.

188 4088 317 4184 ltaque
337 4085 479 4160 Eoltbel
495 4087 578 4187 jure
596 4087 772 4175 asseruit,
799 4085 941 4162 nullum
963 4090 1133 4187 Europus
1152 4090 1317 4160 Museum
1351 4087 1513 4162 conferri
1534 4087 1745 4186 possevin·
1816 4087 1820 4092 ’

189 4221 397 4297 dobonsnsi
413 4223 618 4311 Caesareo,
644 4222 715 4296 nisi
737 4221 833 4297 sorte
855 4223 1078 4312 Parisinum,
1106 4223 1207 4320 quod
1227 4223 1415 4297 immensis
1440 4223 1574 4325 opibus
1597 4239 1742 4297 tautum

189 4356 423 4444 inclaruerit,
449 4373 490 4428 ut
522 4349 607 4456 spe's
639 4357 694 4429 rix
727 4356 909 4457 supersit,
935 4381 1167 4456 quacumque
1199 4374 1318 4431 aetate
1350 4374 1417 4434 aut
1446 4358 1743 4458 quibuscumque

187 4491 394 4590 sumptibus
425 4491 510 4590 ejus
530 4463 640 4591 posse
661 4491 892 4592 aequiparari
912 4495 1182 4590 praestantiam.
1217 4492 1357 4568 Eolthel
1378 4493 1547 4593 catalogo
1575 4517 1645 4566 suo
1660 4492 1743 4566 v111

221 4761 253 4828 a)
274 4753 433 4830 Catalogus
451 4755 545 4813 Musei
562 4755 700 4812 Caesarei
716 4756 958 4816 vindobonensis
979 4779 1136 4818 numerum
1160 4771 1312 4826 veterum,
1333 4759 1505 4818 distributus
1527 4761 1558 4816 in
1580 4769 1681 4836 partes
1701 4755 1740 4814 ll.

254 4937 259 4944 ἡ
276 4868 399 4928 quarum
412 4849 497 4925 prior
512 4865 660 4910 monetam
675 4853 810 4923 urbium,
830 4853 1028 4933 populorum,
1049 4875 1167 4934 ragam,
1188 4855 1279 4916 altera
1297 4855 1496 4916 Romanorum
1515 4853 1736 4932 complectitur·
1777 4918 1786 4934 ἢ

277 4945 474 5006 vindobonae
492 4959 572 5020 ¹779·
594 4947 679 5006 Tomi
693 4948 730 5012 ll·
747 4953 778 5009 in
792 4949 873 5010 solio.

1283 5063 1339 5138 bs
