4404 5564
467 471 514 534 ῃ
1067 444 1456 522 ADDENDA
1577 476 1583 488 ·

524 621 673 704 ,Divitias
690 616 893 700 hujusnsbis
908 615 997 679 idem
1019 616 1107 680 anxit
1128 615 1214 680 deei-

472 724 578 792 vando
596 724 661 786 huo
679 741 794 782 numos
815 732 988 804 argenteos
1004 721 1059 783 IIl.
1076 718 1215 796 formae,

473 828 509 888 in
533 807 671 911 qdouum
695 821 815 884 antica:
842 823 910 884 Leo
933 823 1092 884 dimidius
1115 823 1216 903 respi-

474 933 582 1002 ciens,
611 927 645 987 iu
670 942 798 988 eversa:
832 923 929 984 Area
953 923 989 984 in
1013 922 1075 987 IV.
1101 934 1215 1002 partes

473 1041 576 1092 secta.
611 1026 763 1106 (hettere
789 1023 828 1089 T.
850 1025 875 1087 l.
901 1043 934 1106 p.
956 1024 1039 1103 seq.)
1075 1021 1152 1082 Dixi
1179 1021 1223 1110 in.

471 1128 649 1198 Volumine
667 1130 691 1192 Ι.
707 1147 740 1208 p.
751 1143 831 1205 217,
852 1122 912 1187 hos
927 1144 1041 1186 numos
1060 1122 1226 1206 haetenus.-

474 1252 494 1292 s
514 1230 681 1313 plerisque
698 1225 866 1289 Leontinis
885 1225 1014 1288 Siciliae
1036 1223 1137 1288 fuisse
1158 1223 1216 1286 tri·

473 1331 586 1408 butes,
617 1328 675 1392 sed
703 1341 865 1412 nunquam
892 1326 979 1389 istud
1001 1326 1077 1390 satis
1101 1326 1217 1410 proba·

472 1445 559 1504 tum.
591 1444 624 1493 et
646 1450 738 1505 mox,
766 1441 915 1490 enarratu
939 1429 1058 1490 Sestini
1079 1427 1215 1512 judicio,

474 1531 599 1610 addidi,
619 1551 689 1594 rem
706 1529 812 1593 adhuc
830 1530 1088 1592 esse-insertam.
1110 1531 1218 1592 Iacer-

475 1637 568 1696 tem?
585 1631 689 1717 inquit
703 1631 791 1694 idem
813 1632 933 1707 senius,
957 1631 1106 1712 (Lettere
1126 1633 1166 1695 T.
1175 1632 1217 1698 V.

474 1757 507 1820 p.
527 1735 658 1814 LXIX.)
685 1736 752 1795 ime
781 1735 1011 1795 certissimam.
1046 1731 1218 1815 Reliquam

477 1836 548 1919 ejus
587 1833 768 1898 orationem
800 1832 929 1916 plenam
970 1832 1217 1920 modesetioois‚

478 1937 677 2021 elegantiae,
694 1933 964 2022 humanitatisque
981 1933 1087 2014 lector
1105 1935 1144 1999 ab
1165 1959 1219 2000 au-

478 2051 570 2103 ctore
590 2036 661 2123 ipso
683 2049 784 2122 petat.

579 2287 583 2295 ,
662 2223 699 2288 Ρ.
714 2221 767 2290 52.
785 2222 894 2288 code.
908 2223 967 2286 lin.
982 2224 1034 2291 23.

539 2343 665 2406 Nomos
681 2342 744 2404 hos
765 2361 838 2404 esse
856 2343 1112 2419 Samothraciae,
1132 2361 1220 2404 nune

395 2460 397 2468 '
477 2446 541 2528 jem
559 2444 700 2510 dubitari
715 2443 844 2528 nequit,
862 2463 903 2506 ex
919 2465 983 2527 quo
1004 2443 1151 2507 Sestinus
1162 2465 1221 2504 nu·

451 2605 454 2610 .
478 2569 569 2610 mum
587 2545 731 2631 vulgavit
751 2566 824 2608 cum
847 2544 946 2606 simili
961 2545 1113 2628 utrinque
1130 2559 1218 2628 typo,

479 2661 513 2710 et
529 2647 690 2730 scriptura
705 2647 804 2729 plene
819 2639 1181 2712 ΣΑΜΟΘΡΑΚΩΝ.

631 2909 634 2914 ¹
667 2833 706 2896 P.
716 2831 769 2907 54.
786 2830 848 2892 col.
860 2846 890 2890 a.
904 2833 941 2892 in
945 2827 1030 2912 fine.

548 2950 654 3032 Caput
675 2948 803 3011 Bacctt
822 2949 943 3010 hedera
963 2957 1168 3011 coronatum.
1197 2943 1224 3006 e

481 3041 608 3111 ΘΑΣΙ.
666 3051 744 3112 Duo
780 3053 890 3131 pisces
926 3050 1096 3111 contrario
1139 3049 1220 3112 situ.

479 3155 550 3215 All.
566 3150 624 3217 IV.
668 3231 671 3238 Ι
1040 3157 1044 3164 ’

544 3249 720 3314 Nnmulum
746 3249 832 3332 huno
859 3269 901 3312 ex
926 3270 1039 3313 museo
1065 3247 1223 3312 Consiue·

478 3375 579 3439 ryano
601 3351 745 3438 vulgavit
767 3351 928 3428 Sestinus,
952 3353 1101 3434 (Lettere
1126 3355 1220 3414 Tum.

478 3459 521 3524 V.
539 3478 572 3540 p.
585 3455 672 3534 LV.)
697 3465 730 3516 et
751 3452 982 3536 corrigendum
1003 3451 1064 3514 illo
1082 3452 1223 3516 similem

1421 617 1460 684 P.
1470 631 1531 700 7o.·
1542 612 1648 681 cote.
1661 629 1737 700 post
1754 603 1814 680 lin.
1829 612 1859 680 d.

1479 857 1483 868 ,
1551 795 1732 878 Regius.

1294 971 1653 1038 APOLLODORVS
1676 973 1908 1038 Cassandreae
1930 991 2020 1036 rex.

1336 1139 1416 1202 Leo.
1452 1135 1476 1198 Ξ
1502 1133 1768 1202 ΒΑΣῐΛΕΩΣ.
1798 1133 2047 1202 ΑΠΟΛΛΟ-

1273 1232 1435 1304 ΔΟΡΟΤ.
1468 1241 1593 1324 (sertus
1621 1234 2045 1320 ΑΠΟΛΛΟΔΩΡΟΤ.)

1274 1338 1394 1420 Eques.

1336 1439 1500 1523 Insignem
1516 1443 1621 1521 huno,
1642 1464 1678 1508 so
1700 1443 1786 1507 ioste
1808 1441 1948 1504 unicum
1970 1463 2041 1506 nu·

1274 1560 1363 1601 mum
1381 1561 1422 1603 ex
1439 1564 1552 1606 museo
1564 1542 1767 1606 Hunteriano
1785 1543 1936 1626 vulgavit
1950 1545 2042 1605 Pin-

1276 1641 1449 1719 teriones,
1471 1645 1622 1727 neglecta
1641 1659 1750 1709 temen
1768 1645 1893 1708 metalli
1910 1657 1950 1708 et
1974 1665 2041 1708 vo-

1276 1740 1407 1804 luminis
1421 1744 1599 1809 mentione.
1614 1747 1731 1828 (Essey
1745 1765 1789 1808 on
1804 1744 1932 1808 medals
1948 1746 2038 1812 vot.

1277 1844 1316 1904 ll.
1335 1863 1367 1925 p.
1382 1845 1468 1926 245.)
1490 1845 1553 1908 Hie
1571 1845 1793 1930 Apollodorus
1812 1845 1973 1910 simulato
1993 1847 2036 1908 li-

1275 1944 1410 2008 bertatis
1433 1945 1538 2008 studio
1561 1945 1646 2030 epod
1665 1947 1920 2012 Cassandrenaes
1946 1971 2032 2013 suos

1278 2047 1437 2130 gratiosus
1455 2047 1658 2128 tyrannidem
1671 2049 1778 2112 setius
1789 2049 1915 2128 invasit,
1935 2071 2035 2114 eem-

1277 2167 1340 2232 que
1371 2146 1595 2212 crudelissime
1625 2149 1821 2234 aliquamdiu
1858 2155 2031 2220 exercuit.

1276 2249 1451 2311 Hominem
1469 2249 1711 2314 fraudulentum
1732 2250 1846 2315 fraude
1867 2253 1951 2318 item
1969 2278 2032 2340 pe-

1276 2351 1370 2412 titum
1399 2351 1519 2434 dejecit
1542 2353 1725 2437 Antigonus
1749 2357 1774 2418 1.
1800 2373 2031 2440 cognomento

1275 2451 1427 2516 Genetes.
1456 2453 1635 2531 ductores,
1657 2456 1713 2539 qui
1731 2455 1801 2539 ejus
1821 2457 2030 2536 meminere,

1277 2568 1407 2616 euers-et
1427 2553 1522 2616 Rein.
1543 2553 1755 2634 Reioeeoius,
1782 2559 1879 2644 (nist.
1899 2563 1964 2624 lul.
1989 2563 2031 2626 Ρ.

1276 2658 1332 2721 Ill.
1356 2677 1388 2738 p.
1404 2657 1483 2736 552)
1512 2669 1545 2718 et
1572 2656 1778 2726 Perizonius.
1808 2657 1864 2744 (ed
1891 2661 2032 2725 Aeliani

1276 2757 1362 2820 Hist.
1376 2779 1443 2822 vas.
1460 2757 1499 2821 L.
1514 2757 1602 2826 XIV.
1619 2778 1649 2824 e.
1660 2763 1728 2842 (μ.)
1751 2761 1834 2844 Typi
1852 2780 1935 2844 opus
1952 2763 2031 2848 ejus

1277 2857 1389 2922 aetatis
1406 2857 1653 2924 Macedonicum
1672 2881 1740 2926 non
1754 2860 1951 2926 inficiantur.

1417 3063 1453 3127 Ρ.
1466 3079 1518 3146 7²·
1539 3063 1600 3129 sol.
1612 3079 1642 3128 e.
1656 3075 1736 3148 post
1751 3065 1814 3132 lin.
1826 3063 1878 3132 30.

1480 3229 1818 3310 imperatorius.

1342 3343 1712 3414 ΝΕΑΠΟΛΕΙΤΩΝ.
1745 3351 1894 3436 Fortuna
1920 3367 2030 3430 stans,

1281 3448 1492 3516 Trebonieni.
1522 3450 1638 3514 Editus
1654 3475 1671 3514 a
1688 3451 1847 3532 Sestium,
1870 3455 2030 3537 (bettore

479 3560 580 3623 olium
605 3554 716 3618 docuit
737 3554 777 3616 eb
801 3553 939 3636 Heymio
965 3554 1103 3634 editum,
1129 3577 1226 3640 quem
1285 3553 1324 3616 Τ.
1340 3553 1381 3618 V·
1406 3573 1439 3636 p.
1455 3553 1511 3635 25)
1535 3567 1568 3616 et
1592 3552 1731 3637 Neapoli
1753 3555 1890 3638 cuipiam
1915 3557 2030 3620 Ioniae

480 3662 510 3723 is
532 3671 669 3746 propter
690 3655 803 3718 litores
818 3651 895 3721 ΑΘ.
908 3656 1145 3720 Atheniensem
1169 3679 1227 3740 pu.

481 3761 573 3826 tevit.
590 3759 706 3842 (Thes.
723 3759 780 3820 Bs.
796 3759 836 3820 Τ.
852 3758 891 3821 ΙΙ.
911 3777 942 3839 p.
955 3758 1022 3842 76.)
1042 3761 1120 3820 Ηοσ
1131 3772 1225 3841 pacto

481 3861 619 3944 disperit
636 3860 732 3923 etiem
754 3872 850 3942 ceput
865 3859 1020 3942 Epicuri,
1041 3857 1129 3945 qued
1147 3859 1226 3922 isin

482 3962 586 4027 antica
603 3958 751 4060 exhiberi
769 3959 903 4044 putavit.

583 4149 618 4212 P.
630 4163 685 4228 7⁰·
704 4143 767 4206 eol.
784 4166 812 4210 ι.
834 4157 911 4228 post
931 4146 1054 4209 lineum
1070 4141 1122 4220 34¹·

544 4262 725 4330 Addendus
749 4262 805 4327 hie
829 4264 936 4344 alius..
958 4276 992 4327 et
1018 4263 1150 4350 quidem
1175 4285 1225 4326 ar·

1284 3653 1439 3728 tributus,
1471 3653 1561 3738 eujus
1590 3655 1698 3718 obiter
1726 3649 1875 3720 meminit
1897 3655 2029 3722 Strabo.

1284 3755 1339 3837 (L.
1354 3753 1443 3820 xlv.
1464 3776 1496 3837 p.
1519 3777 1563 3822 m.
1586 3759 1674 3842 947.)
1707 3759 1808 3824 Causa
1831 3758 1881 3820 illi
1902 3759 2030 3843 praeui-

1283 3875 1357 3936 pue¹
1373 3854 1446 3938 qnia
1458 3857 1507 3937 fu
1524 3863 1710 3937 nequissem
1728 3863 1765 3923 in
1783 3861 1922 3924 Smirne.
1944 3863 2031 3924 'Pse-

1283 3955 1340 4019 det
1354 3969 1524 4040 repetere,
1547 3979 1625 4042 quas
1642 3957 1728 4023 inter
1743 3960 1837 4046 leges
1856 3983 2029 4048 argumen-

1282 4071 1351 4122 tum
1376 4057 1462 4122 istud
1487 4057 1597 4124 valere
1621 4063 1734 4145 possit.
1771 4065 1907 4128 Causam
1930 4063 2027 4128 sliam

1281 4161 1403 4245 repetit
1424 4183 1442 4224 a
1463 4159 1556 4246 signo
1580 4161 1710 4242 incuso,
1732 4165 1824 4249 cnjus
1844 4166 1969 4230 formae
1985 4165 2031 4227 si·

1282 4284 1393 4346 gnum,
1410 4262 1463 4340 ait,
1479 4283 1577 4350 saepe
1592 4265 1735 4350 reperiri
1748 4267 1782 4328 in
1797 4253 1903 4330 numia
1917 4267 2030 4352 Ephe·

482 4346 640 4457 genteuss'
676 4366 778 4429 Scuta
800 4367 1030 4429 Macedonico.
1068 4363 1092 4426 ἲ
1118 4364 1226 4426 From
1283 4365 1320 4428 si.
1334 4365 1426 4443 Esto,
1436 4364 1605 4431 sedmiror
1614 4369 1778 4454 proiecto,
1793 4369 2026 4452 ejusindicium

482 4477 592 4549 novis,
612 4473 670 4533 cui
681 4469 895 4552 inscriptum:
915 4461 1224 4528 ΒΟΤΤΕΑΤΩΝ.
1282 4467 1407 4529 nullum
1424 4482 1552 4533 exstare
1566 4471 1601 4532 in
1618 4470 1708 4534 numi
1728 4469 1904 4550 iconismo,
1927 4491 2025 4558 quem

547 4575 632 4635 Eum
655 4593 697 4635 ex
718 4589 832 4634 museo
855 4566 1097 4649 Cousineryano
1124 4567 1226 4632 edidit
1282 4567 1378 4631 nobis
1396 4567 1524 4634 obtulit.
1546 4573 1619 4633 Nou
1639 4572 1715 4635 setis
1734 4573 1854 4638 solides
1871 4575 1929 4638 has
1946 4588 2027 4658 poto

484 4673 640 4738 Sestium.
665 4675 816 4754 (Lettere
836 4673 876 4736 Τ.
889 4671 930 4740 V.
947 4690 979 4755 p.
991 4668 1155 4752 LXVIII.)
1282 4670 1433 4756 regulet,
1455 4691 1563 4756 neque
1579 4673 1655 4736 satis
1672 4675 1823 4763 rationis,
1849 4697 1909 4740 cur
1929 4677 2028 4740 eime-
