4476 5564
529 381 640 517 'uu
672 437 1473 544 uru1scousucnar1onvn.
1692 379 1789 548 ¹aso

247 623 388 704 renitet,
428 620 639 702 Perennitaa,
678 635 713 686 et
750 621 869 685 sinilia
905 622 990 705 ipaaa
1048 623 1283 696 canerentur
1311 611 1519 714 praetentam
1549 628 1660 711 iilum,
1690 645 1793 718 atque

247 726 430 813 principum
454 743 611 808 personae
632 743 829 808 reapexere,
852 743 990 808 cumque
1048 727 1131 791 adeo
1154 728 1279 804 virum,
1299 743 1436 814 propter
1457 749 1586 794 caesum
1605 736 1723 798 Cacum
1744 735 1793 796 di·

249 828 339 894 orhia
359 827 524 892 Romanoa
550 827 632 890 nihil
658 827 798 891 haberet
817 827 992 910 imperato·
1048 831 1131 926 vini·
1153 831 1331 896 honoribaa
1354 831 1488 911 adfecit,
1519 833 1560 896 de
1590 855 1656 920 quo
1682 848 1791 900 actum

248 951 287 994 re
318 927 440 1012 majac,
474 939 509 990 et
529 928 568 991 ah
591 929 662 1010 ejna
683 942 764 992 nata
786 929 993 1011 omniapen·
1036 932 1082 994 ‚in
1106 931 1214 994 numia
1235 933 1391 994 Antonini
1410 933 1473 998 Pii.
1515 935 1713 1000 Recenriora
1736 957 1794 1000 ex·

249 1031 387 1108 cierent,
423 1029 521 1094 facile
551 1030 689 1094 acecaeit
717 1031 920 1110 reverentia,
958 1043 992 1093 at
1049 1033 1171 1116 emp'ia,
1203 1053 1276 1095 nam
1303 1035 1516 1097 vetustiorem
1545 1039 1671 1120 copiam
1700 1059 1793 1121 prae-

250 1131 408 1215 quaedam
436 1129 608 1194 divinitatis
635 1131 765 1216 opinio,
797 1150 899 1215 eaque
925 1151 992 1194 non
1048 1148 1161 1211 teneo,
1194 1145 1268 1198 aunt
1298 1133 1486 1198 Alexander
1514 1139 1558 1200 M.
1587 1158 1644 1201 aua
1675 1151 1793 1222 aponto

250 1253 326 1298 raro
348 1255 366 1296 a
387 1231 543 1316 principia
565 1233 774 1318 impotentia,
797 1247 830 1300 et
852 1235 991 1298 vanitate
1049 1237 1196 1320 Iuppiter
1232 1238 1388 1314 Ammon,
1431 1239 1549 1302 iterum
1590 1239 1794 1316 Alexander,

249 1334 425 1419 imparata,
447 1353 489 1398 ex
511 1353 576 1418 que
597 1334 734 1412 sactum,
757 1345 808 1410 nt,
830 1333 917 1416 quod
940 1353 992 1395 ne·
1050 1358 1090 1400 ac
1110 1337 1215 1400 aerina
1238 1335 1428 1399 Demetrius
1450 1339 1605 1420 Antigoni
1632 1339 1672 1402 ab
1693 1341 1793 1404 Athe·
1914 1345 1930 1408 ,’

251 1449 303 1499 ute
333 1435 517 1500 observarit
537 1425 776 1512 Tertullianua,
808 1435 902 1498 citina
930 1453 993 1519 pen
1038 1437 1216 1526 ,nienaibua
1239 1437 1294 1501 dei
1316 1438 1488 1520 appellati,
1509 1439 1714 1503 Mithridates
1734 1443 1792 1510 vt.

251 1555 365 1600 omnee
394 1539 492 1614 deor,
523 1557 617 1620 quam
646 1556 708 1620 per
728 1556 829 1598 anum
851 1535 992 1598 Genium
1049 1540 1155 1604 dictus
1181 1540 1221 1603 ab
1245 1539 1372 1604 Aaiauia
1395 1538 1561 1617 Bacchae,
1583 1540 1664 1605 varii
1685 1545 1793 1623 Aegy·

250 1637 398 1704 Caeaaria
419 1635 507 1702 earet
527 1637 720 1722 pejeratum.
763 1627 917 1700 Ceteram
937 1636 993 1720 oh·
1048 1643 1116 1728 pti,
1139 1642 1317 1725 Syriaeque
1335 1659 1432 1724 regen
1450 1641 1614 1706 communi
1633 1643 1793 1706 vocabulo

249 1757 383 1804 acerete
405 1736 545 1800 Genium
576 1738 748 1823 principia,
779 1752 813 1803 et
833 1739 992 1814 reuereri,
1051 1741 1130 1806 dicti
1150 1742 1185 1803 iu
1205 1743 1312 1804 numia
1332 1742 1410 1825 ipaia
1435 1739 1522 1820 Θεοι,
1555 1741 1596 1806 de
1626 1765 1688 1828 qua
1716 1765 1792 1809 ver·

249 1860 315 1904 aon
338 1839 440 1902 iniere
459 1839 622 1904 novicium
640 1842 860 1906 Romanorum
880 1839 994 1902 inven-
1050 1841 1152 1925 tigine
1175 1842 1249 1908 vide
1270 1843 1440 1909 observata
1461 1844 1493 1904 in
1512 1845 1716 1928 cingulorum
1734 1866 1795 1906 nu·

249 1954 334 2016 mm,
361 1940 519 2004 docemur
534 1940 574 2028 εἰ)
589 1941 761 2033 Athenaeo
783 1954 937 2004 narrante
951 1943 992 2020 ¹),
1049 1945 1122 2007 mia.
1165 1946 1231 2007 lam
1252 1946 1428 2009 arctantia
1458 1947 1524 2009 illia
1552 1947 1672 2010 Peraia·
1695 1965 1796 2029 aegea

249 2041 468 2106 Nicostratum
488 2043 645 2126 Argivum
668 2041 812 2126 qnotidie
835 2043 867 2102 in
891 2061 993 2104 coena
1050 2064 1128 2109 anua
1160 2044 1265 2108 dictoa
1294 2046 1394 2124 deon,
1425 2047 1522 2110 docet
1553 2043 1794 2127 Aeaehyluab).

249 2143 389 2206 nornine
415 2141 522 2207 Genio
552 2147 642 2226 regia
670 2144 846 2208 Parcarum
876 2143 994 2204 inatrn·
1051 2147 1119 2210 Sed
1140 2147 1222 2209 haec
1243 2146 1284 2209 ari
1306 2160 1460 2210 externos
1481 2159 1603 2210 tantum
1625 2147 1794 2231 principer
1845 2149 1859 2182 ³

250 2256 335 2308 atam
364 2261 510 2306 mennam
535 2244 741 2326 appenninae,
769 2264 843 2307 cam
866 2245 994 2306 intelle·
1050 2249 1194 2312 valuere.
1227 2247 1361 2311 Interim
1379 2247 1476 2312 facile
1495 2246 1557 2310 fuit
1573 2249 1707 2312 Graecia
1726 2268 1794 2312 aer·

249 2345 372 2419 xiaaet,
402 2366 420 2408 a
448 2343 560 2407 Peraia
589 2343 624 2406 id
652 2345 743 2424 fieri,
774 2345 831 2430 qai
860 2345 893 2406 in
921 2343 993 2408 aula
1049 2347 1285 2414 vitioadauetia
1304 2349 1437 2414 eoadem
1456 2351 1516 2413 hoa
1532 2351 1676 2412 honorca
1693 2363 1796 2411 trana-

249 2447 343 2532 rogia
365 2459 545 2510 vereantur.
810 2469 819 2494 ν
1049 2448 1140 2513 {erre
1167 2450 1306 2532 primum
1335 2453 1370 2512 in
1400 2452 1604 2533 magistratus
1625 2453 1796 2512 Romanoa

313 2547 386 2612 Alia
407 2547 587 2611 remotiora
607 2543 782 2610 divinitati·
804 2559 994 2633 argumenta
1051 2567 1092 2612 ex
1123 2551 1206 2614 urbe
1237 2551 1370 2628 missua,
1408 2549 1528 2626 deinde
1560 2552 1594 2612 in
1622 2549 1793 2634 principea

248 2661 325 2714 aunt
350 2649 384 2712 iu
415 2649 493 2716 viria
521 2648 677 2732 Angustia
705 2671 835 2719 corono.
850 2653 993 2725 radiata,
1050 2650 1140 2713 orbiu
1162 2653 1312 2719 arbitros.
1343 2656 1474 2734 integra
1496 2651 1601 2716 adhuc
1622 2651 1794 2733 republica

250 2752 293 2814 de
324 2751 416 2834 cujua
444 2747 681 2833 nigrificatione
711 2749 766 2834 egi
793 2749 833 2814 ad
859 2769 993 2811 numum
1050 2753 1318 2834 proconsulibus,
1347 2735 1633 2836 propraetoribus,
1656 2749 1795 2832 aliiaqne

248 2853 392 2918 Neronia
428 2871 503 2915 cum
540 2851 719 2934 epigraphe
748 2849 993 2921 avevsrvtt.
1050 2855 1128 2920 viria
1141 2856 1274 2918 nummio
1289 2855 1357 2920 eive
1373 2869 1510 2940 proptcr
1522 2853 1641 2916 collata
1654 2851 1794 2914 iliustria

248 2953 553 3029 GERMANICVS,
588 2972 686 3036 quem
715 2952 793 3015 dedi
822 2953 857 3014 in
886 2953 993 3016 numia
1049 2955 1225 3035 Beneficia,
1256 2955 1325 3020 aive
1353 2967 1445 3018 metu
1473 2955 1665 3019 constitutos
1691 2951 1795 3016 iuiaae

248 3057 351 3138 vagia.
396 3057 479 3119 Item
499 3059 626 3117 ninabue
648 3055 682 3115 in
705 3055 811 3137 capite
831 3057 993 3139 Angusto·
1049 3057 1145 3121 iudea
1172 3077 1282 3122 aeoroa
1310 3076 1518 3140 annuatque,
1549 3077 1636 3131 arar,
1659 3056 1796 3138 templa,

250 3175 324 3218 rum
345 3155 515 3238 utriunque
536 3173 651 3227 rexne,
682 3154 811 3239 dequo
832 3157 907 3220 vide
931 3171 994 3221 tra·
1050 3159 1159 3225 divina
1192 3159 1342 3238 nomina,
1381 3159 1445 3241 jam
1475 3158 1572 3223 rariia
1602 3156 1681 3220 alibi
1711 3157 1794 3221 lucia

251 3266 372 3320 etatum
401 3255 445 3318 cie
476 3257 582 3316 numia
612 3253 780 3318 inferioris
809 3259 881 3321 aevi
902 3263 926 3333 t.
951 3261 993 3324 lt.
1050 3261 1180 3340 monui,
1217 3275 1252 3324 et
1288 3261 1321 3321 in
1358 3259 1525 3344 praeclara
1563 3257 1792 3323 diaaertntione

250 3359 335 3422 item
364 3366 552 3436 carpentum*
568 3375 590 3416 a
611 3357 695 3418 ttae
722 3361 821 3421 mulia
847 3369 993 3436 tractem,
1051 3362 1203 3446 exposuit
1230 3359 1330 3424 ebbae
1360 3358 1581 3444 Mongaultina
1596 3362 1643 3440 c),
1675 3360 1793 3424 oblatis

210 3500 213 3509 ·
252 3457 296 3523 uie
318 3463 384 3542 quo
404 3455 462 3538 egi
481 3451 517 3514 in
536 3453 642 3516 numia
663 3454 788 3518 Liviae.
1051 3461 1197 3545 copioaia
1222 3462 1330 3542 turpia·
1350 3461 1449 3546 haina
1476 3461 1603 3528 torritii
1625 3461 1799 3544 exemplia.

315 3561 487 3624 Summum
540 3555 794 3620 conaecratiouia
846 3555 994 3619 virorum
1051 3565 1158 3625 'rento
1174 3561 1209 3623 hi
1223 3561 1374 3624 'honores
1393 3561 1538 3626 subinde
1549 3561 1795 3625 immoderatiua

250 3659 389 3744 gradum
421 3657 584 3722 eonatituo
612 3657 729 3741 partim
751 3657 784 3718 in
805 3657 995 3738 appeliatio-
1050 3661 1179 3746 profari
1194 3663 1229 3724 iu
1246 3661 1427 3746 principes,
1451 3682 1632 3746 eorumque
1649 3663 1792 3726 domum.

252 3761 348 3824 aibna
379 3761 513 3838 divinia,
552 3761 670 3843 partim
704 3757 903 3835 honoribus,
938 3760 994 3843 qui
1051 3765 1177 3830 ninam
1208 3763 1349 3846 Arguati
1381 3783 1517 3826 uxorem
1554 3763 1646 3825 numi
1676 3763 1798 3825 Graeci

252 3860 729 3936 oonatantludieaoiennibua,
750 3860 831 3937 aria,
851 3862 994 3944 templia,
1052 3865 1217 3951 appellant
1245 3863 1350 3932 &EA
1373 3863 1519 3938 ΛῙΒῙΑ,
1546 3861 1723 3927 ΛῙΒῙΑΝ
1745 3859 1793 3923 Η.

251 3961 445 4044 annuntia,
471 3983 553 4048 quae
576 3963 685 4028 emnia
699 3983 835 4048 parram
857 3963 941 4030 vel'
932 3963 995 4046 rpai
1052 3967 1166 4045 PAN,
1186 3975 1332 4047 (havium
1349 3973 1517 4044 Iunonem)
1536 3966 1674 4048 Auqnati
1693 3964 1793 4028 tiliam

111 4071 116 4088 ¹
249 4067 314 4131 eibi
344 4065 471 4131 deferri
500 4067 655 4142 volnere,
685 4063 741 4130 rei
762 4085 780 4128 a
801 4063 969 4150 populia'
959 4083 994 4128 an
1050 4065 1720 4160 lorrtrnN.A112Pou1TnN,(1uecm
1737 4073 1795 4132 Vc·

251 4165 446 4253 obsequium
459 4167 890 4233 ruentibuadecretaiuere.
912 4166 994 4249 Ejua
1050 4175 1174 4248 mrem)
1192 4161 1320 4235 Dentur
1343 4171 1548 4250 Tiberirm,
1572 4184 1605 4237 et
1626 4167 1796 4236 Germani·

251 4269 477 4386 exemptum'
466 4293 529 4352 pana
554 4271 774 4334 retaatiaairna
790 4272 994 4336 Graecorum
1051 4272 1369 4336 uuaGracciasucre
1387 4265 1508 4336 NEOI.
1522 4271 1644 4338 ΘΕΟῙ
1656 4265 1808 4333 ‹blm--
1920 4335 1924 4342 ,

251 4383 339 4467 actae
360 4371 394 4434 iu
414 4371 561 4434 Hercule
585 4370 746 4454 vulgarit,
776 4371 909 4456 quando·
934 4373 994 4435 ur·
1051 4367 1253 4452 uttAurot,
1274 4379 1370 4452 ferora·
1396 4380 1451 4442 dee·
1470 4380 1593 4458 fratrea
1622 4396 1658 4438 ae
1685 4385 1793 4439 mutuo

58 4699 61 4710 ·
193 4696 197 4707 ’
288 4682 371 4758 ιι)Ῐί
390 4659 640 4764 Humum:
731 4685 766 4766 ii)
786 4687 915 4752 iuPera.
934 4701 1046 4758 ratsz.
1146 4691 1704 4767 c)1tu.'r0m.1.nren.peg.e⁵n

1421 4785 1599 4846 Mmma
