4404 5564
1065 334 1073 349 1
1116 279 1132 312 Ι

509 567 586 639 DE
622 563 1450 642 1ostttfloflttsntoscsnst..
1703 587 1761 636 vu·

205 733 339 810 ciliavit
354 734 546 810 amicitiam
567 736 860 822 doctissimorum
881 762 1113 836 quorumque
1135 738 1310 828 virorum,
1334 737 1499 841 inprimis
1518 737 1755 816 celeberrimi·

203 871 363 958 banni,
391 871 577 960 Marini,
603 889 642 944 et
662 871 855 946 Odorici.

302 1005 512 1078 Florentiae
533 1029 782 1093 commorans,
809 1031 891 1076 cum
908 1003 1142 1076 Edmundo
1165 1004 1334 1078 Coccbi
1346 1057 1359 1094 ,
1381 1022 1471 1081 tune
1490 1008 1747 1109 temporisCo·

203 1137 310 1215 stoda
324 1139 444 1212 Musei
455 1139 620 1226 numarii,
638 1141 676 1211 in
689 1139 962 1238 frequentiores
984 1139 1272 1238 disceptationes
1290 1139 1489 1237 ingressus,
1515 1146 1758 1218 occasionem.

202 1289 333 1348 nactus
354 1290 429 1362 est,
455 1273 634 1371 genuinas
653 1272 755 1346 ideas
778 1275 825 1347 de
846 1273 949 1345 omni
972 1299 1012 1346 re
1034 1273 1198 1346 numeria
1221 1273 1447 1370 explicandi,
1480 1293 1592 1374 etque
1614 1304 1748 1352 novum

202 1423 363 1507 systema
378 1433 484 1480 suum
498 1433 689 1479 numerum
701 1406 987 1480 ordinandorum
1006 1405 1207 1504 aperiendi.
1236 1407 1352 1506 Cujus
1370 1407 1425 1480 rei
1442 1421 1618 1482 suminam
1629 1411 1748 1508 gravi·

201 1555 314 1616 tatem
326 1541 435 1616 facile
448 1540 631 1640 perspexit
643 1537 696 1612 vir
713 1541 887 1638 prudens,
908 1541 992 1638 qni,
1014 1559 1056 1612 ut
1067 1539 1190 1612 animo
1203 1540 1366 1636 ingenuo
1384 1541 1584 1642 sagacique
1596 1543 1743 1642 praedi·

201 1690 262 1752 tus
284 1693 322 1750 st
331 1676 580 1774 augendarum
596 1674 830 1748 scientiarum
844 1671 1100 1772 cupidissimus
1113 1691 1201 1762 erat,
1223 1674 1347 1746 nullus
1367 1673 1554 1764 dubitavit,
1577 1678 1665 1775 quin
1682 1677 1757 1752 bom

202 1809 336 1884 minem
359 1810 507 1884 doctum
532 1828 571 1883 et
591 1810 822 1908 ingeniosum
841 1810 977 1906 Magno
993 1809 1089 1882 Duci
1108 1808 1301 1907 Leopoldo
1324 1810 1598 1884 commendaret
1620 1827 1760 1910 utpote.

204 1943 376 2042 dignum,
403 1944 463 2020 cui
486 1969 574 2030 cura
596 1944 935 2018 Musei.nnmorum
957 1941 1164 2015 Florentini
1192 1943 1395 2016 secundum
1424 1970 1559 2016 novom
1589 1959 1772 2044 systema'

202 2077 398 2152 ordinandi
424 2077 723 2151 committeretur.
757 2078 839 2177 Quo
860 2083 1013 2149 'munere
1039 2075 1243 2150 honorifico
1273 2093 1399 2150 noster
1423 2095 1465 2150 ut
1492 2087 1634 2152 summo
1655 2073 1749 2154 ¹suc·

203 2235 328 2298 cessu,
355 2211 407 2283 ita
429 2209 839 2309 brevissimo'temporis
864 2209 1218 2310 spatio'perfunctns
1237 2226 1303 2282 cst
1348 2220 1351 2229 '

302 2345 425 2444 Quare
447 2343 629 2443 Leopoldi
653 2343 780 2440 Magni
804 2343 920 2418 Ducis
942 2342 1117 2440 singulari
1136 2343 1542 2439 gratiacommendatus
1561 2345 1749 2445 Augustae

203 2478 430 2576 lmmratrici
452 2479 588 2551 lllariae
608 2477 826 2565 Therasiae,
853 2476 1033 2549 Viennam
1051 2475 1238 2564 reversus,
1264 2493 1349 2574 post
1369 2476 1606 2550 abolitionem
1631 2483 1749 2556 socie·

203 2613 287 2687 tatis
309 2611 548 2718 Iesuitarum,
589 2612 661 2684 An.
677 2625 781 2695 asts.
805 2610 978 2684 thesauro
1016 2609 1197 2682 Caesareo
1224 2633 1417 2681 numorum
1447 2624 1748 2712 gemmarumque

203 2763 366 2822 veterum
397 2763 435 2820 et
464 2745 520 2820 rei
540 2743 770 2843 antiquariae
790 2742 830 2815 in
847 2741 1092 2818 Universitate
1115 2741 1400 2818 vindobonensi
1423 2741 1615 2818 docendae
1638 2771 1744 2846 prae·

203 2879 325 2958 fectus
347 2897 413 2956 est
1330 2967 1333 2976 1

300 3014 393 3089 Cum
426 3013 499 3112 jam
530 3029 620 3090 tunc
647 3010 694 3086 de
729 3011 879 3086 edendo
901 3037 1018 3114 opere
1049 3011 1201 3112 egregio
1221 3011 1421 3111 cogitaret,
1461 3011 1563 3111 quod
1600 3015 1748 3090 tandem
1856 3071 1860 3078 .

203 3151 274 3222 An.
294 3165 388 3230 1125
408 3147 446 3217 in
466 3145 584 3221 lucem
597 3146 743 3246 prodiit,
769 3147 969 3236 eiDenis‚
994 3148 1255 3222 celeberrimus
1275 3146 1596 3247 praeclarillhellii
1615 3149 1655 3220 in
1672 3167 1753 3234 ntuq

202 3289 292 3354 ners'
315 3279 593 3354 Bibliothecarii
618 3280 793 3354 Caesarei
812 3280 936 3354 Aulioi
958 3307 1169 3370 successor,
1196 3279 1476 3355 commentarios
1498 3279 1545 3352 de
1566 3306 1606 3354 re
1626 3307 1752 3356 numa·

201 3415 256 3489 ria
270 3413 451 3488 althettio
469 3413 620 3488 relictos
641 3413 790 3485 tradidit
809 3414 908 3486 huno
924 3415 962 3484 in
984 3415 1106 3502 finem,
1134 3430 1175 3484 ut
1190 3414 1229 3484 in
1247 3410 1498 3485 elucubrando
1520 3439 1634 3512 opere
1653 3416 1752 3488 notis

203 3567 242 3624 et
256 3546 633 3623 animadversionibus
654 3544 816 3645 magistri
834 3546 1034 3640 doctissimi
1048 3546 1291 3645 adjuvaretur.
1327 3545 1471 3645 Quibus
1488 3547 1630 3620 auxiliis
1650 3575 1751 3638 usus,

202 3681 345 3756 Eclxhel
359 3681 399 3752 in
413 3705 528 3780 opere
550 3707 619 3755 suo
638 3707 769 3756 numos
789 3697 931 3754 veteres
948 3681 1150 3755 secundum
1169 3705 1304 3756 novum
1325 3705 1432 3752 suurn
1448 3699 1610 3782 systema
1631 3683 1671 3756 in
1692 3708 1752 3756 or·

204 3815 326 3890 dinem
350 3815 548 3912 disposuit,
575 3842 619 3891 ao
638 3817 731 3918 juris
750 3815 892 3918 publici
912 3815 1005 3890 lecit
1034 3815 1082 3914 ⁸).
1118 3813 1230 3916 Quod
1251 3831 1413 3916 systema
1433 3817 1508 3915 jem
1535 3816 1662 3916 paullo
1691 3817 1752 3892 fu·

203 3950 279 4024 sius
301 3949 545 4049 explicemus,
572 3969 732 4051 oportet.

308 4087 602 4160 Intersmatores
622 4088 677 4161 rei
701 4085 888 4160 numeriae
909 4103 1014 4172 sunt,
1042 4083 1105 4184 qui
1126 4110 1203 4156 non
1234 4083 1306 4157 nisi
1326 4109 1439 4158 unum
1456 4085 1665 4162 ‚alterumve
1688 4114 1753 4187 ge·

202 4246 274 4294 nus
313 4247 508 4294 numerum
530 4222 706 4322 colligere
724 4222 885 4297 student.
920 4223 1084 4322 Quorum
1108 4219 1147 4290 in
1165 4218 1332 4292 ordinem
1351 4219 1543 4319 dispositio
1566 4221 1662 4296 nihil·
1679 4223 1754 4296 dil·

203 4355 378 4430 ficultatis
399 4355 522 4430 habet.
548 4357 663 4430 Aliud
684 4355 831 4431 obtinet
852 4357 894 4428 in
912 4353 1125 4427 ordinandis
1146 4352 1449 4444 collectionibus,
1473 4381 1608 4430 numos
1633 4358 1753 4431 omnis

189 4469 350 4588 'g'eneris
370 4495 508 4565 veteris
531 4490 610 4566 aeri
630 4491 974 4590 complectentibus.
1000 4493 1053 4562 Ex
1073 4513 1143 4562 usu
1165 4489 1313 4587 quidem
1336 4489 1520 4562 commoni
1540 4491 1631 4562 olim
1649 4493 1753 4562 numi

167 4785 174 4802 ο
238 4758 270 4827 a)
290 4754 378 4813 Numi
399 4765 511 4813 veteres
526 4754 662 4814 anecdoti
677 4774 713 4812 ex
725 4753 834 4812 Museis
844 4756 990 4812 Caesareo
1006 4751 1242 4823 vindobonensi,
1257 4751 1428 4810 Florentino
1443 4713 1651 4828 Magni'Ducis
1665 4751 1750 4810 Etru·

290 4851 369 4919 riae,
389 4849 579 4908 Granelliano
594 4869 674 4908 nunc
684 4851 842 4920 Caesareo,
860 4849 1024 4919 Vitaaiano,
1043 4849 1266 4918 Festetiesiano,
1291 4847 1480 4924 savorgnano
1488 4847 1603 4908 Veneto
1622 4843 1746 4922 aliisque

286 4945 420 5006 Viennae
435 4946 570 5006 suun·
582 4957 651 5010 ists
670 4947 702 5004 in
718 4955 772 5011 42⁰.
