4482 5560
711 446 1321 542 uncvtrvcsmrts
1489 469 1493 480 ·
1604 559 1609 582 ἱ
1719 471 1794 553 sus

245 651 280 718 in
302 669 344 718 eu
366 661 436 716 erut
458 649 623 734 Caligula,
655 659 692 712 nt
723 647 810 712 istud
840 631 992 730 tehturct,
1112 646 1217 727 Cspnt
1250 645 1470 729 Augustorum
1510 641 1575 729 jum
1596 646 1795 732 herbatum,

76 787 96 822 κ
179 753 183 762 ’
248 755 308 820 sed
344 751 491 818 cohibuit
530 751 682 818 animum.
725 752 776 816 Dc
813 749 992 836 Elagohulo
1049 743 1113 828 jum
1150 745 1309 817 lmbc'rhe.
1352 747 1498 812 Alendus
1535 747 1656 816 hurhsc
1697 747 1796 820 causti

245 853 453 940 Lampridius
470 857 515 936 ·)s
550 857 661 918 Voluit
684 855 735 916 uti
759 865 792 915 et
812 851 993 918 mummulo
1050 847 1112 910 alis
1142 847 1204 912 luit
1224 848 1390 932 juventus,
1413 870 1454 912 ex
1477 849 1700 918 Romunururu
1732 839 1793 920 nlu

240 951 420 1042 ⁸perarmato,
444 959 522 1042 qsss'u
536 958 701 1035 pulchrior
709 951 817 1035 fieret,
840 966 872 1018 et
888 957 993 1034 mauis
1049 949 1128 1015 huic
1149 949 1312 1042 radendae
1334 951 1478 1039 nondum
1501 951 1634 1030 idoneo,
1664 956 1725 1020 slis
1747 957 1797 1020 lu·

227 1056 500 1140 'uslfemissurum
518 1059 638 1119 uultum
656 1067 992 1138 optemperatum
1049 1065 1130 1114 ctus.
1175 1051 1350 1136 Vtriusque
1369 1051 1553 1140 exemplum
1570 1051 1604 1117 in
1619 1060 1724 1122 numis
1740 1059 1797 1143 de·
1911 1073 1915 1082 ’

245 1170 294 1224 etl
310 1163 406 1224 dumi.
448 1157 615 1218 Hactenus
633 1177 735 1219 novus
752 1155 805 1219 hic
822 1157 928 1220 cultos
946 1157 993 1216 in·
1049 1151 1135 1214 disse
1153 1152 1382 1231 Octavianum,
1398 1157 1579 1220 notavimus
1594 1156 1626 1218 iu
1642 1159 1713 1242 ejus
1728 1181 1797 1226 mu·

246 1273 296 1325 trs
319 1259 528 1344 cupiditatem
547 1253 702 1320 constitit.
744 1255 927 1320 dtdiserte
950 1255 991 1319 de
1048 1253 1510 1337 netuudaunumV.C.717,
1534 1261 1690 1343 qu01000
1708 1283 1796 1327 com.

246 1361 426 1424 Aureliano
454 1359 570 1430 Victor
602 1355 746 1422 Schutti:
776 1363 842 1420 Iste
868 1363 992 1439 primus
1048 1357 1142 1443 plurs
1159 1359 1255 1420 otium
1274 1356 1314 1418 do
1329 1357 1391 1418 hoc
1409 1359 1630 1424 Romanorum
1645 1363 1795 1431 instituto·

246 1466 335 1544 apud
356 1465 516 1524 Romanos
538 1457 690 1523 diadema
710 1463 811 1540 cupiti
832 1463 991 1522 innexuit.
1048 1477 1115 1522 nun
1136 1458 1303 1521 violandae
1322 1479 1423 1540 usque
1449 1457 1490 1522 ad
1514 1475 1635 1526 certum
1655 1481 1795 1530 aetatem

244 1565 369 1634 Verum
388 1561 478 1623 numi
499 1560 584 1623 istud
605 1581 669 1622 non
690 1557 893 1622 confirment.
915 1559 997 1624 Fuit
1047 1558 1167 1624 hsrhse
1201 1559 1423 1621 disseruimus.
1467 1561 1659 1627 Burhutnlus
1698 1568 1796 1631 etiam
1916 1603 1917 1610 1
1988 1559 1991 1566 ¹

244 1678 354 1727 tumen
381 1663 692 1736 ConstuntinusM.,
730 1681 827 1744 quem
852 1661 992 1745 primum
1048 1675 1186 1746 propter
1202 1659 1339 1724 eandem
1358 1683 1486 1726 causum
1504 1663 1667 1750 inprimis
1689 1673 1796 1736 numis
1888 1727 1894 1736 ,

244 1787 339 1830 usum
374 1765 558 1828 diademate
588 1764 705 1848 partim
736 1784 837 1847 puro,
873 1763 992 1846 partim
1049 1764 1115 1826 suis
1131 1761 1264 1846 lingitur
1279 1763 1379 1825 Nero.
1423 1767 1502 1828 Post
1526 1765 1560 1826 id
1586 1780 1713 1850 tempus
1739 1793 1798 1854 po-

245 1867 383 1950 gemmis
405 1865 560 1931 distincto
577 1879 737 1929 testantur
755 1867 864 1943 numi,
887 1879 920 1928 ct
939 1885 993 1927 uu·
1049 1864 1256 1939 sita-barba,
1305 1879 1339 1927 et
1365 1866 1422 1940 siu,
1437 1867 1654 1950 imperotores
1682 1893 1796 1936 omncs

244 1983 370 2046 utores,
403 1987 485 2054 quos
505 1968 540 2028 in
562 1967 658 2052 hujus
680 1979 811 2029 monets
840 1965 991 2048 produxi.

185 2133 193 2146 ,
246 2069 399 2132 Testibus
429 2071 550 2132 iterum
580 2069 686 2132 nuruis
718 2069 873 2153 deinceps
904 2088 993 2152 gem·

244 2185 365 2234 suetum
403 2173 469 2235 hoc'
502 2170 652 2232 diademo
680 2173 901 2252 Augustorum
926 2181 993 2231 tun·

243 2285 312 2334 tum
337 2274 441 2356 cupita
465 2271 648 2348 decoravit,
670 2291 777 2354 neque
799 2272 916 2333 desunt
939 2291 993 2334 co·

243 2375 401 2437 sistorum
416 2373 612 2456 scriptorum
628 2373 759 2437 oraculo
772 2373 858 2435 idem
873 2373 993 2436 docen-

243 2475 306 2550 tiu,
330 2474 467 2564 etsi‚'ut
495 2475 547 2551 lit,
570 2495 636 2536 non
667 2475 772 2537 desint
797 2475 913 2552 etiam,
937 2474 992 2559 qui

243 2565 396 2638 trullitum
421 2575 602 2640 doctrinam
625 2576 844 2651 confundunt,
867 2591 900 2639 et
918 2597 992 2658 per-

241 2677 400 2754 miscent,
422 2679 543 2762 quippe
565 2681 620 2762 qui
640 2701 705 2742 non
728 2699 804 2742 ruru
830 2677 991 2740 diadema·

241 2779 285 2843 tis
305 2779 438 2842 nomine
459 2779 677 2865 quodcunque
699 2782 784 2863 regii
808 2779 920 2864 cupitis
943 2779 992 2840 in-

241 2879 334 2964 signe
355 2881 602 2946 intellexerunt.
645 2883 731 2952 Vide
749 2883 782 2944 in
802 2883 864 2946 huc
882 2883 991 2966 diipu·

1049 1961 1126 2030 inde
1153 1967 1192 2029 ah
1215 1969 1363 2048 Augusto
1392 1968 1502 2032 laeves
1527 1967 1670 2033 offerunt
1694 1991 1795 2057 genas
1912 2009 1915 2016 ¹

1050 2068 1214 2154 usquead
1237 2068 1454 2147 Hadrianum,
1478 2070 1533 2154 qui
1555 2073 1697 2155 primus,
1721 2075 1796 2158 quis

1050 2170 1182 2254 publice
1195 2169 1433 2254 philosophiam
1453 2171 1622 2254 professus
1637 2190 1704 2253 cst,
1724 2175 1797 2240 hur·

1049 2271 1123 2333 hum
1149 2272 1315 2354 promisit,
1346 2286 1381 2333 ut
1408 2273 1547 2336 diximus
1568 2277 1601 2335 iu
1622 2273 1716 2360 hujus
1740 2301 1797 2341 nn·

1050 2375 1127 2451 mis,
1151 2373 1241 2455 cujus
1260 2375 1447 2455 exemplum
1464 2379 1569 2440 secuti
1587 2397 1796 2444 successores

1049 2495 1180 2551 omnes,
1203 2473 1301 2538 modo
1323 2495 1384 2558 per
1405 2491 1544 2540 aetatem
1564 2479 1727 2556 licuisset,
1749 2481 1796 2545 ui·

1048 2579 1111 2641 rile
1134 2577 1343 2640 istnd'decus
1367 2579 1526 2644 aluerunt.
1566 2580 1622 2642 'Ad
1645 2591 1799 2648 ueterem¹

1048 2680 1171 2743 cultum
1202 2699 1276 2741 cum
1299 2681 1411 2742 redire
1434 2681 1546 2744 mallet
1566 2683 1796 2749 Constantinus

1048 2785 1113 2860 M„
1136 2781 1271 2844 hurham
1291 2781 1428 2863 ubjecit,
1451 2798 1485 2845 ut
1502 2783 1533 2844 in
1552 2784 1647 2866 hujus
1665 2803 1796 2853 moneto

1047 2885 1268 2962 observatum.
1313 2882 1400 2976 Quid
1424 2899 1499 2970 post
1525 2884 1610 2950 huuc
1641 2889 1796 2971 placitum

238 2985 362 3048 tatione
384 2987 552 3069 copiosum
573 2986 808 3070 spanhemium
823 2981 869 3064 b).
1047 2987 1166 3064 luerit,
1188 2986 1264 3051 side
1286 2984 1320 3044 in
1341 2987 1495 3050 Truututu
1517 2987 1559 3054 de
1582 2969 1690 3053 uumis
1713 2990 1795 3055 inlu·

305 3085 411 3172 Caput
442 3088 605 3170 galeatum
636 3087 712 3149 inde
743 3086 902 3174 qPruho
923 3103 989 3148 nun
1046 3089 1379 3164 riorisuevi§.11.,

241 3187 454 3273 infrequens,
477 3187 684 3272 frequentius
705 3193 737 3250 in
760 3189 867 3250 aureis
886 3185 990 3248 infimi
1111 3191 1295 3275 Singularis
1314 3203 1405 3268 sunt,
1428 3205 1523 3276 capnt
1542 3191 1648 3256 leonis
1668 3194 1793 3258 exuviis

241 3289 334 3366 sevi,
368 3289 545 3372 praecipue
578 3309 652 3350 uum
682 3291 862 3371 imperator
890 3309 990 3375 pano·
1046 3303 1185 3364 tectum,
1208 3292 1240 3352 in
1261 3294 1368 3356 numis
1392 3278 1582 3370 Commodi,
1604 3295 1794 3358 Maximiani

241 3389 340 3474 plisni
377 3389 509 3453 indutus
546 3385 752 3472 proponitur.
795 3389 869 3466 lion
911 3408 989 3451 raro
1045 3385 1391 3482 Herculemsejusquc
1419 3395 1480 3456 lilii
1502 3398 1668 3460 Msxcntii.
1712 3397 1796 3460 cau-

241 3491 335 3576 gules
360 3491 641 3576 insuper-coruus
665 3491 794 3571 lucres,
816 3489 872 3558 sel
891 3491 989 3554 rodii·
1029 3481 1097 3558 ,m
1117 3495 1151 3555 in
1173 3494 1377 3575 singulorum
1398 3509 1530 3560 monetu
1551 3495 1712 3562 dedimus.
1736 3500 1794 3562 Cu·
1902 3565 1907 3570 ,

243 3593 395 3658 ambitur.
1046 3608 1106 3679 put
1139 3615 1214 3658 cum
1248 3593 1359 3676 spices
1391 3616 1533 3676 corone,
1564 3599 1599 3660 iu
1628 3599 1794 3678 Gsllieuo,

305 3697 410 3782 Cpput
425 3695 546 3759 nudum
564 3695 747 3781 primorum
766 3698 989 3779 Augustorum
1046 3717 1145 3784 quem
1166 3695 1229 3758 udi.

239 3795 347 3862 uetut'e
376 3802 498 3873 rarius,
530 3799 737 3882 frequentius
761 3798 838 3860 inde
861 3797 902 3862 uh
925 3799 990 3860 Hu-
1109 3801 1161 3862 De
1185 3799 1291 3882 cupito
1314 3797 1422 3862 velatu
1448 3797 1648 3876 tenemusne
1668 3799 1791 3867 indicio

243 3897 376 3979 driauo,
405 3901 582 3968 inclinante
607 3902 748 3985 imperio
773 3902 827 3967 vix
852 3901 990 3988 amplius
1045 3901 1142 3980 sidu,
1165 3921 1247 3987 quau
1268 3899 1421 3964 dicuntur
1443 3901 1477 3962 in
1496 3898 1602 3964 numis
1623 3923 1794 3969 consecro·

167 4080 172 4090 1
241 4003 398 4070 occurrit.
427 4004 547 4088 Aliquo
566 4018 716 4088 tempure
732 4005 899 4090 principes
914 4023 990 4068 cun·
1046 4007 1183 4067 tionum.
1227 4002 1295 4068 sed
1325 4002 1386 4066 luit
1407 4019 1441 4068 et
1462 4003 1724 4090 velumuignum
1746 3993 1793 4070 ss*

240 4092 387 4194 secretos
403 4105 449 4170 sic
466 4106 566 4170 luisse
584 4107 790 4191 propositos,
812 4107 940 4170 dicetur
955 4105 989 4168 in
1046 4105 1203 4184 cerdutii,
1223 4107 1311 4171 uude
1328 4110 1353 4171 1.
1371 4105 1505 4184 Caesar,
1525 4120 1559 4170 et
1572 4111 1617 4172 ll.
1631 4109 1792 4180 Antonius
1820 4123 1829 4132 “

240 4209 348 4271 nuruis
372 4207 667 4275 consecrationum.
706 4209 803 4274 Nudo
823 4211 929 4294 cupite
953 4225 1000 4274 se·
1045 4209 1148 4278 veluti
1166 4195 1201 4271 in
1221 4211 1328 4273 numis
1349 4203 1596 4294 proponuntur,
1618 4207 1695 4290 illc,
1717 4213 1792 4298 quis

241 4309 340 4376 etium
355 4309 541 4377 ‹listiuxissh
555 4313 730 4394 Caesares,
744 4332 843 4400 suprs
856 4313 989 4378 dictum.
1045 4313 1196 4399 pontifex
1212 4313 1387 4392 maximus,
1410 4309 1482 4392 hic,
1503 4313 1578 4400 quis
1596 4333 1712 4399 suqur.

275 4625 308 4702 s)
329 4621 404 4726 Cup,
423 4635 467 4696 to
567 4623 603 4704 h)
621 4627 763 4704 Tum-11.
782 4651 851 4712 με.
868 4643 925 4706 385
942 4650 1005 4710 seq.
