4430 5568
389 472 391 478 .
498 443 575 536 ω
619 497 621 502 .
1032 457 1037 464 -
1105 433 1301 511 onrvr
1337 431 1437 509 xw.

430 643 434 650 '
500 628 652 713 quoniam
669 623 737 688 Dio
758 621 822 686 hoo
840 619 1158 684 loaooecsnnatium
1177 632 1243 683 tan·
1295 615 1459 682 decennia
1475 627 1706 702 prorogatum.
1742 611 2055 686 &suessonense

496 746 569 792 tum
586 726 750 800 meminit,
773 723 973 808 quaeriiure
989 735 1112 806 potest,
1133 735 1243 782 utrum
1299 719 1387 794 rius,
1410 721 1472 782 etsi
1490 737 1650 784 renovare
1674 717 1833 783 decennis
1852 719 1974 802 noluit,
1996 725 2052 787 ie-

478 826 752 916 'quinquennalia
775 843 922 909 quoque,
945 841 1082 906 quorum
1101 819 1168 884 non
1193 843 1243 884 ra·
1299 833 1348 883 sta
1378 834 1485 883 tamen
1514 821 1549 881 in
1578 819 1629 882 his
1660 819 1824 886 celebrari
1852 823 1947 890 solita
1975 845 2048 912 nous

499 951 540 996 ro
561 927 825 1012 obunctus-ibus,
848 939 882 988 et
903 923 937 984 iu
958 934 1106 986 veterum
1129 941 1243 984 monu·
1299 922 1418 986 omisit.
1461 923 1510 982 Ao
1548 919 1590 986 do
1629 921 1744 1005 primis
1786 923 1920 1010 quidem
1959 917 2047 994 isaeo¹

500 1031 620 1094 mentis
640 1027 680 1090 fit
695 1027 840 1102 mentio,
870 1023 911 1087 ab
933 1023 1050 1086 eodem
1071 1023 1162 1088 fonte
1185 1023 1243 1086 du·
1298 1025 1364 1086 Dio
1380 1024 1426 1106 ⁰)=
1444 1027 1562 1088 uocem
1576 1027 1673 1086 annis
1689 1028 1816 1104 imperis·
1830 1033 1901 1106 φη
1915 1037 2046 1096 erutis

500 1145 625 1196 cantur.
668 1125 827 1194 Adfirmat
855 1123 942 1186 istuti
971 1125 1118 1188 Norisius
1147 1125 1241 1188 nixos
1298 1131 1346 1190 nd
1363 1129 1582 1190 resumendum
1601 1127 1640 1187 id
1653 1129 1738 1188 nihil
1753 1129 1805 1188 illi
1820 1132 1945 1193 decreto
1963 1153 2045 1210 opus

498 1226 687 1294 testimonio
708 1229 825 1292 Dionis
854 1226 1032 1304 narrantis,
1062 1227 1242 1312 Agrippam
1289 1230 1381 1310 snit,
1404 1248 1503 1311 morso
1528 1231 1613 1288 enim
1636 1247 1763 1289 necesse
1783 1233 1929 1307 putavit,
1959 1237 2048 1297 illud

498 1345 637 1417 propter
654 1329 792 1413 Augusti
814 1327 1031 1414 principatum
1052 1348 1135 1392 suno
1149 1328 1190 1398 V.
1203 1328 1240 1390 G.
1298 1331 1440 1408 Aequus·
1454 1331 1602 1406 exemplo
1614 1332 1849 1407 interrumpere.
1890 1334 1978 1394 Ludi
1993 1345 2043 1395 to-

475 1435 562 1516 '738
585 1431 679 1494 iudos
701 1430 958 1515 quinquennales
979 1429 1126 1504 dedisse,
1154 1425 1241 1490 uode
1295 1448 1369 1491 men
1383 1431 1679 1512 deemnolsssacti.
1722 1429 1774 1489 De
1791 1427 1905 1492 aitaris
1923 1429 2041 1496 ‹leoen-

497 1537 673 1600 Caesarum
692 1532 926 1617 quinquenniu,
948 1551 985 1594 so
1001 1543 1177 1616 propterea
1192 1529 1243 1592 iu·
1298 1526 1423 1592 noiibus
1445 1527 1526 1592 haee
1542 1526 1593 1610 (ὓς
1634 1531 1792 1592 Vicesimo
1810 1533 1937 1610 imperii
1955 1553 2040 1598 anno

486 1635 559 1699 'dos
588 1632 751 1698 celebrari
778 1647 912 1716 coeptos
935 1632 1040 1712 arguit
1063 1633 1113 1696 sir
1134 1629 1241 1694 oracli·
1298 1633 1456 1705 instante,
1485 1634 1562 1693 licat
1581 1635 1649 1711 ipse
1669 1634 1822 1714 frequens
1841 1636 1877 1694 in
1900 1637 2039 1710 Albano,

496 1751 550 1798 tus
567 1737 606 1818 ¹).
650 1737 776 1804 Verum
804 1732 902 1796 abbas
924 1731 1137 1795 Mazzoienus
1159 1733 1241 1796 hano
1297 1743 1331 1794 et
1349 1735 1592 1805 Turratenses,
1615 1735 1771 1794 tamenin
1786 1734 1894 1795 orbem
1909 1755 1974 1797 non
1989 1753 2041 1796 oo·

496 1837 680 1900 doctrinam
705 1833 819 1897 s'oiidis
843 1833 1042 1920 argumentis
1063 1835 1240 1917 impugnat,
1296 1833 1363 1908 nit,
1386 1813 1850 1908 sedconssdes2.1'iteiIiu's,
1872 1844 1905 1897 et
1919 1837 2041 1898 Fabius

496 1935 698 2022 probatque,
729 1936 784 1998 iris
813 1933 978 2020 Agrippae
1009 1933 1093 1996 ludis
1122 1935 1242 1996 intelli·
1297 1935 1445 1996 Persicus
1477 1937 1662 1996 decennium
1694 1953 1931 2014 nuncupavere,
1970 1945 2041 1998 tan·

497 2037 623 2122 gendos
646 2057 722 2113 eos,
745 2037 800 2120 qui
817 2039 963 2119 Augusto
985 2049 1121 2120 propter
1142 2037 1242 2099 victo·
1298 2037 1460 2115 quamei,
1481 2045 1519 2096 ut
1533 2038 1680 2115 Aequam
1697 2037 1867 2110 usitatam,
1889 2045 1965 2097 tnnc
1981 2039 2041 2097 ins·

496 2140 579 2201 riam
598 2138 764 2201 Actiacam
780 2135 908 2200 decreti
919 2139 1036 2212 inere,
1056 2136 1163 2220 etqui
1179 2154 1240 2199 neo
1293 2139 1417 2215 perium
1426 2145 1647 2214 proroqarent.
1669 2134 1721 2196 De
1737 2150 1867 2211 eorum,
1890 2133 1946 2219 qui
1963 2152 2039 2219 pro·

498 2235 744 2324 quinquenniis,
774 2258 837 2301 neo
859 2237 1026 2301 decenniis
1049 2237 1118 2320 ejus
1140 2239 1240 2320 impe·
1296 2233 1384 2297 xime
1406 2251 1610 2310 successere,
1634 2234 1866 2298 decennalibus
1888 2235 1970 2298 nihil
1992 2235 2038 2300 di·

493 2341 538 2404 rii
559 2339 776 2424 respondeot3
796 2338 1239 2414 rectorerosDionedioi,
1297 2347 1385 2396 sorte
1421 2334 1599 2418 prodidero
1634 2349 1775 2400 veteres.
1818 2336 1947 2399 Primus
1977 2333 2038 2402 fuit

496 2459 555 2504 eos
577 2441 672 2505 ludos
694 2454 784 2503 actos
808 2455 946 2524 propter
962 2440 1099 2523 Augusti
1119 2439 1240 2523 prinei·
1296 2434 1478 2498 Antoninus
1493 2437 1588 2515 Pius,
1612 2436 1667 2519 qui
1684 2455 1723 2498 ea
1740 2441 1845 2500 numia
1859 2437 2034 2522 inscripsit,

492 2555 620 2624 patum,
643 2541 717 2630 quia
735 2560 852 2604 revera
871 2542 924 2605 hic
947 2565 967 2605 a
990 2555 1155 2626 postrema
1179 2541 1240 2603 huo
1290 2535 1452 2621 'deinceps
1473 2537 1691 2622 perfrequens
1707 2557 1823 2602 eorum
1839 2539 1979 2618 mentio,
2000 2559 2036 2604 ao

493 2643 577 2704 belii
595 2643 701 2708 civilis
720 2642 861 2705 uictoria
884 2641 991 2726 judice
1017 2641 1110 2705 etiam
1126 2642 1239 2705 Dione
1297 2638 1437 2720 denique
1463 2637 1639 2703 fastidiosa.

494 2741 571 2805 duci
596 2743 722 2826 potuit,
745 2761 782 2804 ao
811 2741 933 2818 debuit.
975 2743 1061 2812 Vide
1091 2741 1172 2809 hsoo
1199 2739 1239 2805 ab
1355 2739 1435 2834 Quo
1459 2753 1606 2822 tempore
1625 2738 1814 2806 decennuiia
1831 2753 1904 2808 vota
1922 2759 2038 2826 eoepe-

495 2839 625 2906 erudito
654 2855 789 2906 auctore
818 2842 1005 2926 praeclare,
1040 2864 1076 2907 ao
1105 2843 1238 2926 copioso
1295 2840 1362 2904 rios
1389 2841 1421 2900 in
1451 2839 1517 2902 duo
1547 2839 1695 2923 aequalia
1723 2842 1824 2925 spatia
1855 2843 1973 2922 dividi,
2005 2857 2038 2907 et

490 2941 700 3024 expositab).
731 2944 830 3028 Atqui
849 2944 998 3006 Norisius
1021 2942 1152 3026 dempto
1175 2943 1238 3006 hoo
1296 2940 1447 3004 constitui
1470 2940 1737 3026 quinquennalia,
1766 2963 1831 3007 non
1855 2946 1932 3008 satis
1952 2965 2037 3010 oom-

492 3043 611 3106 Dioois
639 3045 845 3122 testimonio,
874 3045 933 3108 sed
961 3046 1047 3127 quod
1075 3045 1171 3107 aliter
1192 3049 1238 3104 in·
1294 3055 1436 3124 perium.
1479 3042 1674 3106 Existimant
1702 3045 1871 3122 nonnulii,
1904 3063 1943 3108 ea
1960 3045 2039 3107 ala·

493 3143 712 3228 telligendum
734 3142 893 3220 diximus,
925 3147 1049 3208 nulium
1072 3144 1159 3208 aliud
1180 3162 1238 3229 po·
1295 3141 1409 3205 sundri
1432 3144 1549 3207 Severi
1579 3157 1684 3207 aetate
1715 3145 1858 3208 nondum
1880 3143 1981 3209 fuisse
2003 3145 2036 3208 in

482 3243 839 3330 ,tuitudierrffiquod
860 3245 1034 3328 probaret,
1054 3247 1238 3330 primorum
1294 3265 1374 3322 usu,
1406 3246 1480 3330 quia
1503 3247 1567 3308 Dio
1590 3247 1623 3307 in
1645 3245 1771 3309 laudata
1793 3246 1888 3310 sirius
1919 3247 2035 3309 oratio·

460 3347 728 3431 ,imperatorum
759 3359 881 3421 aetate,
919 3358 1017 3430 atquo
1049 3349 1146 3411 etiam
1182 3347 1238 3411 diu
1293 3367 1336 3411 us
1366 3351 1436 3410 s'ota
1468 3347 1600 3431 quidem
1622 3346 1661 3409 ab
1682 3347 1822 3430 Augusti
1843 3347 2036 3412 suecessori-

491 3459 586 3532 post‚
615 3460 690 3512 vota
712 3447 972 3534 ,quinquennalia
992 3447 1093 3513 iuisse
1115 3471 1239 3514 nunou·
1293 3449 1353 3514 hus
1376 3448 1565 3512 decennalia
1587 3463 1761 3526 memorat,
1779 3447 1838 3512 sesi
1860 3449 2036 3534 quinquen·

491 3562 580 3632 pata,
610 3559 664 3611 aut
692 3551 749 3632 qui
771 3551 818 3614 ud
841 3545 921 3614 haee
943 3551 1162 3634 pertinerent,
1183 3552 1237 3614 iu·
1293 3549 1414 3614 nulium
1437 3551 1636 3612 mentionem
1657 3551 1754 3636 piano
1777 3549 1926 3633 negligit.
1967 3549 2036 3612 Pri

492 3649 552 3714 sios
581 3651 837 3736 quinquennales
865 3651 970 3721 tuisse
992 3651 1107 3721 iactos.
1151 3655 1236 3718 Sane
1294 3673 1381 3730 mus,
1412 3651 1500 3735 quod
1520 3654 1675 3732 hautquus
1697 3650 1860 3724 norimus,
1891 3651 1953 3714 tuit
1972 3652 2034 3716 Po·

490 3752 603 3836 primi,
625 3765 661 3816 ut
682 3751 846 3831 dicemus,
868 3767 943 3816 sunt
960 3756 1111 3821 Postumi
1132 3769 1237 3838 tyran·
1293 3767 1436 3830 stumus,
1460 3755 1515 3836 qui
1533 3773 1570 3816 es
1589 3737 1623 3813 in
1637 3755 1749 3816 ‹numis
1770 3751 1933 3832 suigaut,
1956 3751 2034 3814 seri·

489 3855 525 3915 ni
547 3854 652 3931 numi,
676 3855 731 3938 qui
753 3869 828 3919 vota
850 3856 1102 3942 quinquennalia
1124 3855 1239 3920 inseri·
1293 3867 1349 3938 pto
1376 3855 1410 3916 in
1438 3855 1488 3917 his
1520 3853 1906 3950 qvluqvuttuaosss.
1935 3851 2033 3918 Pos-

490 3969 545 4039 pta
567 3955 706 4030 habeut,
739 3968 772 4018 et
802 3970 954 4020 suctores
984 3973 1131 4034 veteres,
1161 3977 1235 4021 oum
1294 3957 1414 4024 'I'VML
1435 3955 1536 4024 AVG.
1578 3959 1703 4026 Verum
1731 3951 1809 4015 inde
1840 3973 1904 4015 nou
1934 3953 2034 4018 eonti-

381 4061 396 4133 ζ
487 4074 606 4118 eorum
635 4056 832 4136 meminere,
863 4060 966 4122 multo
996 4059 1101 4124 adhue
1129 4072 1237 4144 poste·
1292 4077 1358 4118 nuo
1390 4057 1555 4139 sequitur,
1586 4068 1660 4120 ante
1682 4055 1906 4120 Aiexsnsirum
1935 4077 1974 4120 ea
2002 4057 2035 4118 in

489 4154 578 4218 riora
599 4152 639 4214 iis
660 4168 808 4238 tempora
822 4159 1009 4245 adsignant.
1292 4177 1354 4223 usu
1382 4177 1449 4220 uon
1480 4155 1599 4235 inisse,
1638 4171 1693 4221 aut
1723 4177 1839 4222 eorum
1869 4171 2034 4224 auotorem

549 4253 720 4333 Diximus,
750 4277 878 4324 oausam
906 4263 1156 4326 constitutorum
1180 4261 1236 4326 sis·
1291 4257 1393 4322 fuisse
1423 4259 1623 4322 Postumum.
1668 4263 1756 4326 Nam
1788 4273 1894 4334 exstat
1920 4279 2033 4322 monu-

489 4354 674 4424 oeunalium
689 4357 837 4440 Augusto
855 4361 956 4427 iuisso
978 4363 1151 4448 imperium
1168 4381 1235 4448 ,per
1291 4373 1437 4426 mentum
1453 4365 1626 4439 Postumo,
1645 4373 1742 4447 atque
1757 4363 1830 4447 ipso
1847 4363 1945 4428 etism
1960 4359 2034 4424 Ale·

488 4587 787 4754 qussvqtdscsuu.
811 4609 922 4674 csp.1.
1022 4591 1057 4665 b')
1077 4591 1146 4656 Vot.
1166 4589 1288 4652 decenn.
1303 4613 1372 4672 pag.
1390 4605 1453 4658 212·
1553 4591 1849 4672 c)u.1.v11.§.,ao.
1951 4592 2035 4666 coo

586 4687 704 4744 .·24·
