4430 5568
551 483 710 562 CAPVT
734 483 837 562 xvt
864 483 939 560 'DE
964 483 1114 560 tttttttts
1137 483 1228 558 tttr.
1255 485 1385 560 AEVI.
1662 507 1736 592 top

198 641 305 751 luunt,
333 666 468 754 adsequi
507 669 594 752 jactu
632 679 784 751 potuere.
831 668 939 754 Atque
996 665 1206 749 smujoribus
1228 667 1345 732 tradita
1369 667 1588 734 inconsultos
1610 692 1737 740 succet-

199 788 273 859 post
292 775 373 837 hren
390 770 549 856 disputata
568 769 641 852 jure
667 789 860 852 urguemus,
882 768 940 830 tna
997 767 1127 833 toribus
1141 767 1317 846 tolluntur,
1339 769 1496 855 nulloque
1518 769 1574 836 sliu
1589 775 1737 840 crumino

199 875 386 960 principum
411 871 568 953 imagines
590 869 690 933 luisse
715 890 808 934 roras
831 880 942 953 proto·
997 869 1438 953 inposterospropugalrtnr3
1460 889 1525 958 quo
1542 872 1738 960 modopltis·

200 998 269 1042 mas
287 976 357 1038 sire
376 973 514 1036 caelatas
534 971 565 1032 ln
584 991 662 1034 suro
681 985 879 1052 urgentore,
902 968 943 1030 si·
998 968 1049 1032 lne
1072 967 1309 1033 lacrimatoriae
1331 972 1438 1055 primo
1461 989 1594 1038 anctore
1618 974 1740 1042 chitte-

202 1053 244 1142 τὸ
262 1073 430 1140 coloribus
448 1091 635 1154 expressos,
658 1073 873 1136 sireintextas
886 1089 943 1132 rc·
997 1071 1044 1133 tio
1065 1068 1183 1156 perdiu
1204 1068 1245 1131 ob
1266 1071 1448 1136 illustribus
1475 1078 1572 1139 etiam
1595 1076 1738 1160 antiqua·

202 1177 290 1240 uillis
310 1174 490 1261 quadratis,
530 1175 678 1256 justaque
702 1191 757 1234 eas
787 1172 944 1254 magnitu·
997 1172 1055 1234 riis
1076 1170 1246 1234 adsensum
1269 1185 1380 1236 nactae
1398 1188 1490 1251 sunt,
1513 1175 1617 1240 tlonec
1639 1191 1739 1241 annot

206 1278 301 1354 tline,
323 1289 359 1339 nt
375 1275 526 1356 longiore
544 1275 640 1336 etiam
656 1272 828 1337 intervallo
848 1271 944 1336 scir·
997 1293 1051 1336 sse
1073 1272 1150 1336 ltnic
1175 1265 1304 1337 labnlne
1332 1274 1440 1336 sanior
1468 1267 1734 1360 Schiiplllnns'll·

158 1419 161 1428 =
202 1376 433 1444 cumulantibus
449 1374 615 1458 potuerint
632 1373 788 1454 dignosci.
811 1375 854 1434 Et
870 1373 942 1456 jure
998 1373 1073 1436 deun
1092 1395 1222 1436 omnem
1246 1373 1365 1436 ademit
1381 1377 1428 1456 ¹),
1451 1376 1567 1461 quibus
1588 1376 1661 1460 jore
1682 1377 1737 1442 utl-

205 1479 286 1544 adeo
302 1474 549 1564 aspernabimur
560 1475 751 1558 indigestam
769 1475 856 1536 iliam
872 1495 943 1536 sen·
999 1477 1055 1540 das
1073 1475 1279 1558 famigerutas
1296 1474 1542 1541 illasLucernss
1559 1463 1747 1544 tlictnsrtrl·¹

206 1581 339 1644 tentiam
365 1579 441 1642 iutle
477 1600 494 1640 a
516 1577 635 1639 Saroto
659 1576 835 1657 praeclaris
864 1575 942 1639 viris
1000 1596 1042 1660 go
1060 1590 1235 1662 perpetuas
1250 1577 1285 1639 in
1303 1589 1448 1646 vetorum
1466 1579 1625 1664 sepulcris
1639 1599 1737 1665 saepe

206 1681 372 1768 probatam
398 1677 438 1740 tle
458 1679 565 1739 nonnis
587 1665 745 1738 maximae
763 1678 887 1740 formae
904 1679 945 1740 sl·
1000 1689 1148 1760 reperies
1162 1675 1207 1760 ¹²).

207 1801 272 1865 gno
287 1779 419 1845 militari
433 1778 575 1846 insertis.
620 1777 702 1840 Sunt
722 1779 837 1856 molta,
861 1797 943 1864 quae

852 2095 1061 2116 n*-

672 2577 1050 2694 CAPVT
1121 2577 1265 2696 XVI.

498 2841 571 2904 DE
618 2843 815 2906 NVMIS
860 2844 1238 2907 ttvrn'tttottm
1277 2839 1442 2907 ΑΕΗ
1555 2845 1559 2856 ’

204 3047 267 3156 Ηί
286 3089 394 3151 multis
416 3090 536 3180 causis,
550 3089 631 3153 adeo
653 3112 672 3153 a
698 3101 828 3156 moneta
850 3111 945 3178 snpe-
999 3094 1055 3155 tint
1075 3095 1161 3179 quoti
1177 3097 1253 3160 illae
1268 3111 1329 3161 usn
1345 3108 1380 3158 ct
1396 3094 1598 3179 experientia
1612 3092 1740 3160 consul·

204 3193 301 3254 rionis
333 3202 366 3254 et
395 3191 522 3253 mediae
557 3193 790 3274 imperatorum
831 3193 943 3256 aetatis
998 3195 1104 3278 risque
1127 3199 1254 3276 unmis,
1286 3199 1381 3261 citios
1397 3196 1618 3281 solidiusque,
1644 3219 1742 3283 quam

202 3289 377 3366 abludunt,
400 3293 575 3373 praecipue
594 3312 636 3352 ex
651 3313 715 3375 qno
731 3312 812 3354 unns
822 3293 944 3356 Oriens
998 3299 1182 3381 praeceptis
1206 3297 1382 3362 discuntur.
1428 3299 1659 3383 Ceterum'qnl
1676 3299 1740 3361 lton

203 3409 276 3455 esse
297 3389 461 3452 Romanus
485 3392 651 3472 perrexit,
683 3405 716 3454 ot
733 3413 869 3454 necesse
892 3393 944 3466 sit,
998 3399 1032 3456 iu
1049 3411 1240 3478 argumento
1258 3397 1354 3459 lutins
1375 3397 1492 3458 instrui
1509 3398 1617 3480 cupit,
1645 3395 1744 3460 adeat

205 3492 247 3556 oe
271 3492 341 3574 ejus
366 3504 449 3552 statu
470 3505 503 3554 ct
519 3491 706 3554 conditione
730 3493 836 3575 aliqua
858 3511 944 3554 oum·
1001 3514 1083 3579 opus
1095 3496 1157 3557 cel.
1172 3498 1282 3560 Caroli
1298 3497 1478 3559 anresne
1495 3496 1539 3561 D.
1557 3496 1741 3577 ducange,

204 3611 405 3666 memorare,
436 3611 478 3654 ex
509 3607 571 3676 qua
601 3606 708 3655 tamen
739 3593 832 3672 copia
855 3591 941 3655 aliud
1001 3596 1310 3680 exquotplerique,
1333 3595 1489 3680 quidquid
1507 3593 1742 3678 adbnjosseti

204 3691 358 3756 hocloco
375 3691 587 3755 adferendum
612 3711 676 3755 uon
696 3693 824 3776 putavi,
847 3714 941 3778 quam
1001 3703 1162 3756 monetam
1176 3697 1334 3780 pertinet,
1359 3697 1520 3772 hausere,
1542 3693 1743 3779 etquodin·
1829 3736 1834 3750 ι

206 3792 294 3879 quod
309 3792 543 3879 explicatione,
572 3806 627 3854 aut
645 3795 759 3858 saltem
779 3793 945 3854 mentione
1000 3797 1171 3860 sc‘ribltirrt
1192 3803 1232 3859 de
1246 3802 1471 3876 imperatorum
1483 3797 1743 3878 Constantinopo-

204 3894 337 3980 dignnm
375 3915 449 3957 erse
486 3893 664 3958 videbatur.
722 3894 943 3991 Quamobrem
1000 3900 1188 3971 titanorum,
1210 3899 1742 3978 swinsartomaatamtmart·
1849 3981 1852 3990 ³

201 3997 302 4059 multa
318 4011 509 4080 praetereo,
532 4017 614 4079 quae
638 4010 789 4059 monetae
809 3995 862 4058 isti
874 3995 947 4060 mt-
1000 4001 1058 4060 bur
1074 4001 1269 4062 dissertatio.
1626 3987 1629 3996 “

203 4119 245 4182 go
262 4100 395 4182 propria
407 4085 576 4181 putantur,
597 4110 634 4160 ut
647 4099 827 4180 generatim
837 4109 942 4181 typos,
1063 4101 1233 4162 Materiam
1256 4117 1403 4174 omnem,
1425 4115 1521 4182 quens
1544 4096 1742 4162 tractandam

202 4199 450 4283 inscriptiones,
472 4198 640 4261 literarum
658 4197 816 4276 formam,
838 4203 941 4264 varias
999 4200 1146 4284 suscepi,
1187 4200 1399 4286 sequentibus
1430 4200 1575 4265 articulis
1597 4199 1742 4285 comple·

202 4299 272 4380 cjns
298 4299 549 4383 appellationes,
589 4313 691 4362 artem
718 4300 884 4382 paullatim
907 4303 941 4367 ln
999 4314 1089 4364 ctors
1706 4303 1712 4312 '

201 4421 355 4463 sommam
381 4400 563 4462 barbariem
589 4403 790 4484 prolapsam,
824 4403 939 4484 partim
1061 4405 1088 4478 5.
1104 4405 1131 4466 l.
1153 4400 1196 4470 tle
1212 4400 1411 4484 nominlbus,
1434 4424 1471 4469 ac
1487 4401 1587 4469 titulis
1602 4403 1741 4486 inspers-

201 4497 289 4584 quod
306 4500 480 4585 haspartes
493 4500 556 4582 jam
574 4501 651 4562 alibi
665 4505 847 4586 attigimus,
868 4525 942 4587 pnr-
996 4517 1115 4570 torum.

235 4711 272 4787 ι)
284 4712 427 4774 Pariaudl
444 4715 522 4776 tton
543 4713 646 4794 Pelop.
664 4714 736 4778 vot.
754 4716 789 4776 ll.
808 4735 876 4794 pag·
897 4726 957 4780 tito.
1028 4715 1064 4789 lr)
1084 4715 1161 4778 inid.

1411 4807 1539 4876 lim
