4430 5568
481 449 569 571 Μ
614 555 621 572 .
1091 457 1291 542 CAPVT·
1324 457 1424 536 XIV.
1458 461 1463 466 ’
1509 517 1514 524 .

480 655 633 726 nonnulli
661 646 852 719 decennalia
881 647 1005 714 diserte
1029 647 1062 712 in
1091 650 1226 734 plenum
1282 645 1497 709 Mausoleum
1514 650 1589 726 port
1606 643 1689 716 aliea
1710 663 1751 708 ex
1767 643 1932 726 hietorieia
1950 667 2031 733 pro·

481 757 678 828 decennium
714 753 942 820 extenderunt.
983 751 1039 816 Ait
1071 735 1225 815 Glindiue
1282 745 1355 823 bat,
1383 747 1623 810 Diocletianum
1642 746 1823 813 vicennalia
1839 747 2033 817 celebratae

480 861 695 930 Mamertinus
718 859 768 942 ¹2)
805 857 907 940 oeqite
946 857 1103 918 orationis
1144 859 1224 932 cy‘ur,
1282 845 1336 910 die
1366 848 1439 910 XX.
1468 847 1665 913 Novembrie
1693 848 1735 936 V
1763 850 1919 916 c.105o.
1963 854 2035 915 Au·

399 969 403 976 '
481 979 845 1060 quamcompcaueram,
862 959 1147 1036 sacicjoctarom,
1169 960 1228 1017 aod
1282 953 1422 1032 apicatot
1452 962 1503 1012 eat
1528 950 1702 1034 imperinm
1733 971 1846 1014 menta
1877 953 2028 1042 Septem·

480 1087 554 1132 eam
576 1083 718 1138 reaeroo,
739 1070 777 1122 ot
798 1060 1014 1142 quinquennio
1038 1079 1148 1120 ruram
1170 1079 1226 1122 en·-
1282 1051 1395 1119 btiV
1418 1054 1455 1118 C.
1480 1051 1801 1134 1037.Cetebmvie
1831 1073 1914 1138 ergo
1945 1056 2027 1122 hace

479 1178 553 1232 octo
578 1164 804 1227 decemtclibrta
829 1162 894 1221 tatic
920 1162 1044 1232 dicam,
1073 1163 1250 1241 quoniam
1282 1168 1357 1218 vota
1378 1173 1462 1217 anno
1482 1153 1614 1238 imperit
1606 1153 1701 1216 ·x.tt
1723 1155 1868 1218 nondum
1891 1156 2028 1222 circum-

479 1270 610 1354 quedem
621 1267 732 1328 lucina
745 1263 890 1326 omnebus
900 1261 1129 1340 praedamnata
1143 1279 1226 1323 cont·
1281 1254 1407 1319 voluto.
1450 1255 1591 1318 truttam
1616 1275 1698 1336 ergo
1719 1255 1846 1320 fallitur
1866 1259 2025 1338 Norieiut,

481 1370 588 1432 mnia
608 1367 714 1429 oratio
735 1370 792 1428 eit·
836 1361 918 1423 Cum
948 1359 1008 1424 ait:
1052 1364 1226 1444 quinquen·
1283 1354 1359 1418 dum
1390 1357 1557 1420 contendit
1571 1357 1616 1440 ο),
1645 1357 1787 1443 priJnitm
1817 1358 1918 1424 iuiaae
1940 1362 2027 1428 Lici·

479 1474 535 1533 nio
548 1489 660 1532 turrae
674 1473 804 1540 wareo,
826 1459 982 1544 intelligit
996 1475 1089 1524 certe
1106 1459 1225 1524 decen-
1282 1457 1387 1536 nium,
1420 1457 1476 1539 qui
1498 1457 1689 1522 decennalia
1711 1482 1796 1525 anno
1817 1463 1858 1526 X.
1880 1464 2025 1540 ineunte,

481 1572 572 1633 ulum
593 1577 751 1630 exactum.
776 1562 834 1624 ‹Ad
850 1561 933 1624 haec
954 1573 1027 1626 rota
1047 1562 1225 1645 quinquen·

426 1675 430 1682 “
477 1671 564 1734 nalia
579 1677 745 1750 comparat
759 1683 834 1727 cum
846 1663 974 1737 luatria,
997 1661 1085 1747 quod
1101 1677 1134 1726 at
1148 1659 1225 1726 iacit

342 1799 345 1812 ·
477 1768 660 1836 Eumenida
680 1765 732 1849 b),
777 1785 859 1851 quae
903 1762 1035 1849 quidem
1078 1763 1225 1828 efficiunt

478 1869 735 1958 quinquennium
766 1867 965 1951 completum
995 1865 1110 1928 taltem
1135 1866 1225 1949 juxta

478 1972 704 2060 probatiorem
738 1981 889 2034 veterum
920 1967 1129 2045 uertentium,
1163 1965 1225 2030 etti

477 2075 604 2146 fuerint
620 2089 761 2158 qnoque,
780 2071 836 2155 qni
851 2070 1039 2135 tantundem
1057 2069 1108 2146 iia,
1126 2085 1224 2154 quan·

477 2189 547 2241 tum
562 2171 810 2258 Olympiadibna
824 2172 1052 2258 impertivere,
1068 2171 1223 2236 nimirum

480 2298 582 2345 annea
596 2277 777 2359 completor
792 2288 946 2374 quatuor,
965 2287 998 2336 et
1013 2274 1118 2335 inient
1132 2275 1226 2363 quius

475 2395 556 2447 tum.
578 2381 630 2441 Ex
649 2377 700 2440 ltie
719 2377 884 2460 aequiter,
907 2376 1030 2460 primos
1048 2376 1223 2458 imperato·

479 2503 550 2562 rea,
570 2479 658 2567 quod
673 2494 706 2544 et
722 2479 790 2563 ipen
817 2477 869 2539 rei
886 2465 998 2538 natur'a
1012 2476 1144 2543 ridetur
1167 2497 1226 2564 po·

480 2584 619 2660 atulam,
641 2592 715 2666 poet
741 2577 924 2662 completae
950 2597 1050 2655 annoe
1070 2580 1112 2644 X.
1136 2583 1223 2643 cele.

476 2683 591 2747 bracae
618 2680 825 2770 decennalia,
865 2678 1003 2744 eandam
1030 2680 1149 2746 deinde
1177 2681 1224 2746 le·

477 2803 553 2870 gem
580 2783 754 2846 nonnullos
782 2802 824 2844 ax
851 2783 1095 2846 eueceaacribut
1119 2783 1222 2848 scitae

476 2900 625 2963 eecutoe,
655 2898 692 2948 ut
718 2881 890 2948 evidenter
919 2883 1136 2947 demonstrari
1165 2904 1222 2948 ne·

475 2987 565 3072 quit,
586 2999 695 3050 tamen
717 2984 892 3049 admodum
914 2999 965 3048 eet
986 2983 1170 3066 probabile.

540 3089 849 3158 OBSERVATVM
871 3088 925 3150 ttt.
954 3089 1069 3170 Aliqua·
1086 3092 1222 3166 impera·

1282 1580 1348 1622 non
1379 1561 1512 1625 evoluto
1529 1561 1668 1645 egerit,
1699 1563 1788 1645 quod
1816 1562 1937 1629 deinde
1965 1585 2026 1651 per

1281 1675 1381 1726 totam
1409 1662 1669 1726 diuertationem
1698 1663 1740 1728 de
1768 1666 1853 1730 rotie
1882 1669 1922 1730 X.
1952 1685 2027 1751 pro·

1280 1764 1359 1829 bare
1390 1765 1514 1828 nititur.
1559 1763 1804 1831 Constantinum
1825 1771 1871 1830 Μ.
1893 1767 2028 1835 ineunte

1281 1886 1365 1929 enno
1386 1865 1488 1928 XXX.
1511 1865 1698 1930 celebracio
1720 1868 1930 1947 tricennalia,
1957 1891 2027 1938 cer·

1281 1981 1349 2031 tum
1379 1982 1445 2045 eet,
1475 1968 1505 2031 ai
1526 1967 1626 2033 modo
1647 1990 1780 2046 rernm,
1811 1970 1900 2054 quod
1921 1971 2028 2037 refert

1279 2069 1426 2147 ldaciue,
1449 2089 1488 2134 ea
1504 2071 1544 2134 ab
1562 2070 1621 2134 illo
1635 2083 1709 2134 ‘aeta
1723 2072 1765 2139 V.
1782 2072 1819 2136 C.
1840 2071 1921 2136 t088
1938 2075 2028 2148 vm.

1279 2173 1355 2235 Kal.
1377 2174 1461 2256 Aug.
1503 2173 1619 2236 Dictat
1653 2173 1717 2236 init
1752 2173 1874 2237 Caeear
1911 2173 2028 2240 eadent

1280 2273 1334 2336 die
1356 2276 1398 2343 V.
1421 2275 1458 2338 C.
1485 2275 1583 2360 1059,
1613 2294 1698 2358 ergo
1727 2273 1786 2339 illa
1814 2275 1921 2341 colata
1941 2297 2029 2344 annu

1278 2375 1383 2438 XXX.
1410 2374 1556 2440 ineunte.
1599 2377 1761 2460 Exempla
1790 2390 1944 2442 votorum
1972 2399 2029 2443 art-

1280 2477 1485 2561 ticipatorom
1508 2477 1587 2557 alia,
1618 2498 1701 2562 quae
1723 2477 1785 2544 viri
1807 2479 1929 2544 laudati
1950 2499 2029 2544 con·

1281 2599 1432 2662 geaeere,
1464 2581 1595 2657 omitto,
1623 2581 1700 2665 quia
1729 2603 1747 2646 a
1772 2599 1948 2646 numerum
1970 2580 2030 2647 do·

1279 2680 1383 2745 utrina
1419 2700 1486 2743 uon
1523 2682 1692 2765 juvantur,
1731 2684 1791 2748 ted
1829 2685 2029 2770 scriptorum

1278 2796 1401 2845 tantum
1423 2784 1618 2847 teatimoniie
1646 2783 1804 2850 nituntur.
1847 2785 2027 2850 Eumenida

1278 2884 1311 2945 iu
1335 2883 1502 2963 oratione,
1524 2907 1587 2969 qua
1609 2887 1821 2951 Constantino
1842 2889 1890 2950 lt.
1910 2887 1954 2952 ob
1974 2905 2028 2951 re·

1278 2985 1376 3049 micea
1397 2986 1522 3050 Aedui·
1553 2987 1697 3074 quinque
1718 2973 1878 3054 annorum
1898 2988 2027 3074 reliqua

1278 3102 1391 3152 vetera
1414 3087 1533 3171 gratiae
1555 3090 1640 3174 agit,
1663 3089 1745 3154 haec
1766 3089 1882 3156 habet:
1929 3095 2027 3171 Quie-

474 3202 559 3258 iorea
573 3194 700 3255 labente
714 3213 800 3255 acac
814 3193 925 3275 quieto
940 3191 993 3250 cel
1005 3189 1137 3263 decimo,
1152 3207 1222 3266 ‚cett-
1278 3211 1340 3275 qce
1360 3211 1518 3254 annorum
1539 3196 1632 3256 nobie
1653 3196 1781 3278 reliqua
1801 3195 1967 3255 remiciaii.
1999 3193 2028 3256 0

476 3305 508 3358 ie
525 3277 664 3356 noudum
683 3297 851 3373 completo,
873 3292 1140 3375 qutitqeeonalia,
1163 3285 1222 3354 att't
1278 3296 1412 3356 lustrum
1440 3298 1587 3360 omnihca
1612 3298 1724 3358 luceria
1746 3295 1964 3376 felicitati-
1984 3323 2028 3340 -

473 3397 665 3460 decmclia
686 3397 856 3457 colora-not.
1276 3427 1321 3442 --
1343 3398 1604 3478 Quinquenoolia
1632 3406 1690 3459 tua
1717 3399 1811 3459 roobia
1838 3399 1938 3458 eiiam
1956 3415 2028 3474 per·

538 3497 577 3556 lu
592 3513 692 3558 numo
713 3493 869 3578 singulari
886 3489 1073 3568 Commodi,
1097 3491 1220 3576 quieti
1272 3499 1364 3578 secta
1385 3500 1575 3562 celebrando
1595 3507 1680 3560 aaut.
1723 3500 1788 3560 ttto
1810 3500 1895 3560 euim
1915 3498 2027 3580 quietio

471 3597 507 3660 in
522 3617 639 3662 mueeo
653 3599 830 3674 caecat-eo,
847 3596 988 3682 legitur:
1005 3594 1218 3661 vorsot..
1278 3602 1451 3682 incipiente
1471 3608 1619 3680 concepta
1639 3601 1785 3662 omnihus
1805 3599 1934 3678 popum
1946 3601 2027 3675 jare

471 3699 573 3764 ΒΕΘ.
603 3701 641 3763 Ρ.
671 3701 719 3766 tt.
750 3699 821 3762 ΤΗ.
851 3699 888 3760 Ρ.
917 3697 974 3760 xt.
1010 3697 1099 3763 t-ttr.
1130 3699 1220 3767 vttt.
1276 3705 1475 3778 eommunia,
1498 3703 1842 3780 nobishoecpropric,
1864 3699 2027 3783 quaepia-

451 3801 571 3867 'COS.
598 3804 639 3871 V.
665 3803 702 3863 P.
727 3802 765 3865 Ρ.
809 3799 1008 3865 Commodua
1036 3798 1141 3862 dictae
1167 3813 1220 3863 eat
1271 3823 1322 3864 mo
1339 3815 1423 3866 aaut.
1467 3798 1595 3894 Quibua
1616 3819 1659 3862 ex
1681 3799 1793 3865 verbio
1815 3798 1888 3881 jure
1912 3813 2025 3881 potam

473 3903 641 3988 Augustus
669 3907 710 3974 V.
739 3905 776 3970 C.
799 3901 879 3989 qiu,
911 3915 945 3966 et
975 3900 1049 3965 trib.
1078 3904 1220 3986 ⁴{att'teata-
1277 3921 1349 3963 mua
1369 3921 1526 3983 arguere,
1549 3899 1754 3966 Constantini
1774 3901 1819 3964 il.
1845 3911 1952 3964 aetate
1970 3915 2026 3962 eu·

472 4017 542 4068 tem
565 4005 624 4069 XI.
647 4005 744 4072 adicit
762 4010 803 4077 V.
827 4007 862 4069 C.
881 4004 960 4091 oio,
984 4023 1066 4088 ergo
1088 4003 1218 4067 labente
1275 4020 1320 4063 uo
1334 4002 1447 4085 quinto
1462 4002 1596 4064 ineante
1612 4002 1665 4085 agi
1679 3999 1934 4086 quinquennalia
1949 4017 2028 4066 eeu·

472 4124 558 4170 euno
575 4097 621 4169 X.
647 4106 779 4191 imperii
809 4106 908 4172 coluit
938 4106 1138 4172 decennalia.
1182 4107 1220 4168 ln
1277 4104 1433 4167 tueritne.
1467 4101 1534 4165 Sed
1553 4115 1585 4164 et
1603 4102 1794 4168 Theudoria
1811 4106 1856 4168 M.
1872 4102 1961 4167 idem
1978 4099 2025 4162 in·

472 4205 582 4271 nnmie
596 4207 742 4270 Postumi
759 4227 833 4272 cum
858 4209 935 4275 ΤΒ..
952 4212 991 4275 Ρ.
1014 4207 1056 4270 tt.
1084 4208 1220 4290 jungam·
1276 4205 1450 4270 tertullum
1463 4202 1635 4290 placuieee,
1653 4203 1751 4270 facile
1768 4208 1924 4272 eruimur.
1946 4205 2025 4270 cer·

472 4321 528 4375 tur
551 4307 686 4378 VOTA.
709 4309 800 4388 XX,
829 4309 864 4372 id
888 4324 954 4389 eat,
978 4325 1145 4394 aueeepta,
1168 4329 1220 4374 cr·
1277 4321 1345 4371 tum
1362 4319 1430 4384 eat,
1454 4303 1588 4371 eumad
1606 4305 2024 4390 imperiumadmotumin·

474 4431 519 4500 go
540 4413 622 4479 hacc
641 4411 786 4499 tuteepit
801 4410 933 4478 labente
953 4413 1058 4478 adhuc
1077 4431 1161 4475 anno
1177 4411 1218 4474 tt.
1278 4422 1375 4474 eunte
1397 4429 1483 4475 auno
1504 4407 1627 4475 chricti
1648 4409 1723 4496 379.
1766 4411 1903 4476 Certum
1925 4407 2023 4479 etiam

476 4551 2016 4592 .-............,...........-..........-.....-............-

508 4643 566 4711 ⁸)
559 4663 590 4700 tn
609 4643 751 4708 Genethl.
769 4643 944 4710 Maximiani
962 4643 1046 4708 aab·
1037 4644 1102 4708 tuit.
1193 4643 1229 4720 b)
1249 4643 1334 4708 Gret.
1354 4653 1410 4707 ael.
1428 4661 1488 4726 pra
1506 4639 1619 4707 eadm
1638 4661 1706 4721 cap.
1725 4653 1772 4712 te.
1863 4645 1896 4717 e)
1915 4639 1954 4702 du
1972 4659 2024 4704 nu

472 4747 522 4791 mu
540 4730 639 4793 Licini
657 4753 726 4814 pag.
745 4737 791 4802 76.
