4476 5564
425 399 428 404 ,
453 353 526 433 390
793 331 952 410 crevr
977 331 1045 408 rx.
1078 330 1147 407 nn
1171 300 1500 406 ronrrrrclrv
1523 331 1642 410 htx.

515 509 653 580 Abrntrl
681 532 836 580 summam
863 513 934 601 ejus
960 512 1197 602 disputationis,
1251 515 1430 599 componi?
1473 516 1669 580 Mirarem‘ur
1690 513 1832 590 isthaec,
1865 512 1929 575 nisi
1951 512 1994 577 du

444 629 538 704 'quae
567 619 716 682 virorum·
752 617 984 700 praestantium
1021 615 1196 680 sententias
1252 616 1429 679 multorum
1451 617 1618 680 hominum
1634 615 1788 687 ,doctrina
1817 616 1894 680 satis
1918 632 1996 678 eon·

454 718 613 782 distraxit.
656 717 702 786 Vt
727 737 793 782 non
819 731 951 803 gravate
977 718 1047 802 ipse
1071 719 1197 781 Bimae·
1253 730 1369 794 staret,
1391 737 1474 802 quae
1492 719 1723 792 caerimonias,
1745 717 1845 794 ritus,
1869 717 1996 801 opinio·

453 821 503 896 di,
535 833 569 884 et
595 819 652 904 qui
677 817 753 883 huic
778 820 878 885 duces
902 817 1013 895 inere,
1051 817 1196 903 opinioni
1251 838 1312 881 nes
1348 818 1501 903 maedam
1540 813 1702 899 ἅδιαφοςκς
1718 835 1724 850 ·
1743 817 1885 882 arctiore
1926 817 1996 883 uin·

455 919 645 998 subscribo,
675 921 749 1005 quia
777 934 1045 1004 argumentorum
1072 919 1194 985 roboro
1249 922 1326 985 culo
1365 941 1439 984 cum
1472 921 1576 983 causis
1606 919 1776 1003 religionis
1816 919 1993 998 connectit,

393 1101 400 1106 ,
453 1036 622 1109 praestare
635 1020 783 1101 videtur,
806 1022 853 1086 sic
876 1022 983 1086 fateor
995 1036 1121 1098 tamen,
1143 1043 1195 1084 su·
1252 1043 1346 1108 quarn
1375 1017 1504 1088 virtutis
1538 1015 1663 1086 solidae
1694 1034 1886 1106 praecepta,
1925 1021 1995 1102 qui·

379 1189 382 1200 ,
454 1149 508 1191 um
531 1128 627 1190 ctiam
646 1123 743 1189 alteri
760 1122 916 1188 adversae
932 1125 1041 1188 inesse
1055 1125 1195 1208 pondus,
1251 1124 1311 1188 bus
1342 1125 1545 1206 potissimum
1581 1122 1773 1186 exercendis
1812 1142 1854 1186 ex
1891 1120 1994 1186 diuini
2031 1155 2044 1166 ··

454 1249 520 1313 quo
556 1247 641 1308 sane,
664 1229 768 1291 fretus
807 1224 859 1288 'vir
888 1224 1019 1309 quidum
1049 1225 1195 1289 eruditus
1251 1223 1449 1316 legislatoris
1469 1223 1673 1304 praeseripto
1706 1224 1837 1285 humani
1860 1223 1993 1304 generis

453 1319 820 1394 nominiena'uanetta
845 1341 952 1411 nuper
980 1329 1105 1390 Romae
1134 1327 1197 1389 dis·
1252 1326 1338 1390 salus
1370 1325 1566 1388 continetur.
1608 1323 1803 1387 addendum
1840 1322 1993 1409 denique,

454 1432 665 1499 sectationem
690 1428 851 1512 vulgarit,
881 1447 964 1513 quae
985 1427 1194 1492 inscribiturt
1251 1426 1415 1491 eruditum
1432 1425 1597 1500 Vandale,
1619 1445 1684 1488 uon
1699 1437 1908 1504 contentum,
1929 1431 1994 1490 Bo·

454 1537 488 1600 11
505 1535 691 1615 pontificato
711 1535 861 1595 masntmo
883 1552 947 1594 non
969 1535 1038 1595 mai
1063 1541 1195 1594 assunto
1252 1529 1295 1590 sil
1319 1529 1497 1590 sententiae
1527 1527 1731 1606 adhaesisse,
1769 1527 1856 1591 ultra
1887 1526 1994 1594 adhuc
2065 1561 2082 1570 ·

453 1638 541 1718 dap!
554 1635 752 1713 Imperadors'
771 1635 942 1707 chistiani,
965 1652 1027 1716 qus
1038 1632 1066 1694 is
1083 1631 1115 1692 in
1133 1631 1197 1693 dis·
1251 1649 1462 1715 progressum
1473 1649 1562 1706 esse,
1585 1651 1658 1694 cum
1676 1629 1802 1692 sancire
1817 1649 1884 1692 non
1901 1628 1994 1693 dubi·

453 1736 622 1827 putatione
643 1731 807 1796 advocatis
831 1733 929 1793 etium
948 1733 1053 1795 causis
1069 1733 1195 1797 theolo·
1252 1733 1348 1810 tavit,
1383 1735 1538 1796 Caesares
1570 1731 1770 1795 Christianos
1800 1731 1906 1795 adhuc
1936 1733 1993 1798 diu

453 1838 537 1922 gicis
562 1848 660 1919 negat
686 1834 807 1914 absque
827 1833 1015 1915 gravissima
1033 1836 1197 1919 colpsex·
1251 1847 1328 1916 post
1355 1831 1544 1896 Gratianum
1572 1854 1609 1896 se
1639 1853 1700 1915 pro
1732 1831 1886 1914 pontifice
1907 1854 1992 1899 max.

377 1939 382 1944 ’
453 1938 593 2003 creeria
610 1935 757 2018 principa
768 1932 951 1996 Christiano
967 1940 1111 2015 potuisse
1127 1958 1196 2000 mu·
1253 1935 1394 2018 gessisse
1415 1935 1501 1998 inter
1520 1935 1741 2011 Christianos,
1764 1933 1852 2018 quod
1877 1935 1939 1998 iste
1953 1936 1992 1998 ti·

429 2041 535 2115 'nus,
558 2033 647 2122 qnod
670 2034 867 2119 professioni
891 2035 969 2100 lidei
991 2037 1193 2104 Christianae
1251 2038 1338 2099 tulus
1361 2037 1546 2102 includeret
1563 2056 1724 2100 summum
1744 2035 1778 2096 in
1794 2036 1992 2122 Christiano·

453 2139 793 2226 palernaduersatur,
823 2135 917 2219 quia,
938 2137 1195 2224 inquit,··intrirr·
1252 2159 1325 2202 rum
1346 2139 1502 2202 ecclesias
1519 2139 1667 2221 regimen
1694 2151 1790 2221 atque
1806 2139 1992 2222 imperium,

411 2297 418 2314 .
452 2263 530 2307 sece
546 2242 683 2315 malum,
706 2251 741 2301 et
757 2238 939 2322 gravissimi
951 2239 1044 2327 'iuret
1062 2241 1194 2326 piaculi,
1250 2253 1347 2321 atque
1369 2240 1469 2318 adeo,
1501 2260 1583 2326 quae
1610 2239 1651 2303 ad
1669 2239 1727 2300 SS.
1745 2239 1940 2304 Trinitatem
1957 2253 1992 2304 et

452 2365 513 2408 seu
541 2341 668 2415 uerbis,
698 2342 758 2404 seu
787 2360 890 2423 opere
920 2359 1115 2430 quocunque
1137 2345 1194 2408 ob-
1250 2339 1348 2404 fidem
1369 2343 1577 2421 catholicam,
1607 2341 1648 2404 ad
1677 2341 1834 2407 eccle'sias
1865 2361 1991 2408 earum·

449 2460 545 2512 tento
566 2443 678 2506 falsam
701 2441 898 2524 religionem
929 2441 1093 2508 simulare.
1136 2445 1193 2514 Vt·
1249 2461 1313 2525 que
1342 2444 1532 2528 privilegia,
1567 2465 1649 2528 quae
1677 2444 1719 2506 ad
1754 2445 1926 2531 episcopos
1957 2458 1991 2508 ct

449 2566 591 2630 rumque
611 2547 687 2606 dom
708 2529 1077 2626 unaposse'consistere
1094 2549 1192 2630 ne'gat
1249 2544 1404 2621 clericos,
1435 2567 1518 2629 quae
1540 2547 1581 2609 sd
1603 2547 1807 2621 haereticos,
1837 2567 1919 2629 quse
1949 2547 1992 2613 sd
2032 2623 2038 2630 ¹

449 2651 504 2718 uir
519 2649 592 2734 pius
605 2644 812 2730 probusque,
834 2665 1003 2728 possumus
1015 2647 1192 2734 jurequre·
1249 2645 1424 2730 baptisma,
1463 2649 1504 2712 ed
1542 2647 1725 2731 sepulturas
1752 2660 1818 2714 etc.
1848 2651 1990 2735 pertine·

448 2771 547 2828 rere,
579 2767 645 2832 quo
671 2760 767 2832 pacto
791 2747 974 2833 principum
995 2751 1191 2816 Christiano·
1248 2746 1346 2825 bant,
1366 2771 1384 2811 a
1408 2749 1599 2814 Christiani·
1617 2749 1868 2834 imperatoribus
1885 2750 1988 2816 fuisse

448 2873 541 2929 rum,
572 2849 628 2935 qui
650 2869 753 2934 usque
780 2847 819 2910 ad
842 2848 1030 2915 Gratianum
1052 2852 1191 2936 impera·
1248 2850 1391 2928 directa,
1414 2868 1581 2927 correctas
1603 2851 1708 2936 jussa,
1727 2867 1786 2915 eut
1800 2856 1897 2921 vetita
1914 2853 1988 2936 jure

447 2975 548 3031 vero,
570 2973 613 3016 na
631 2953 702 3035 ipso
722 2950 854 3036 quidem
875 2953 988 3035 plures
1013 2953 1055 3015 ob
1079 2973 1190 3017 causas
1245 2952 1450 3041 pontificatus
1474 2952 1622 3029 maximi,
1654 2953 1739 3038 quod
1759 2951 1799 3016 ad
1821 2953 1910 3039 ipsos
1926 2975 1988 3038 per

448 3057 583 3139 dempto
604 3053 816 3117 Constantino
842 3059 909 3131 M„
943 3054 1008 3120 rite
1043 3054 1191 3139 improba
1246 3069 1442 3141 potestatem
1465 3056 1673 3130 Caesaream,
1696 3056 1749 3117 cui
1768 3053 1795 3116 is
1819 3055 1990 3138 pontifice·

446 3179 487 3224 so
517 3155 695 3232 scelerata,
722 3155 885 3220 vindictae
915 3168 1090 3232 cruentae,
1127 3157 1192 3220 lra-
1245 3156 1449 3224 tusadnexus
1467 3168 1555 3234 erat,
1578 3155 1814 3222 devolvebatur
1829 3161 1871 3240 ⁸).
1893 3155 1987 3220 Com·
2063 3232 2066 3243 A

448 3273 543 3324 terna
570 3255 645 3321 odia
664 3255 865 3341 caedesque,
896 3272 929 3322 at
949 3279 1031 3345 qnae
1047 3273 1121 3322 sunt
1138 3260 1190 3323 his
1244 3261 1356 3345 plores
1376 3261 1593 3343 imperatores
1617 3257 1664 3323 sie
1680 3277 1780 3342 ,agere
1798 3259 1987 3336 instituisse,
2062 3247 2066 3258 ¹

447 3361 552 3444 magis
575 3360 716 3437 atrocia,
739 3379 812 3424 cum
836 3360 964 3444 legibus
981 3360 1187 3444 theologicis,
1244 3377 1282 3427 ut
1298 3360 1492 3438 crederent,
1513 3361 1630 3426 similla
1644 3359 1716 3445 jura
1729 3361 1771 3427 ad
1791 3362 2004 3446 repentine.

311 3535 314 3542 ,
449 3484 488 3530 ae
502 3462 672 3550 religionis
690 3481 788 3533 verse
802 3462 1010 3550 professione
1021 3464 1189 3548 potuerint
1243 3484 1299 3544 re,
1321 3467 1395 3551 quis
1409 3464 1604 3552 negaverit?

443 4579 447 4586 .
476 4616 507 4690 a)
524 4611 650 4678 Dissert.
667 4606 705 4676 tt
724 4606 762 4671 de
778 4615 863 4692 pout
882 4623 960 4672 susm
979 4623 1047 4688 cap·
1064 4596 1109 4742 Lu
