4404 5564
342 583 345 592 ·
481 553 1402 652 nn10snen0n1nta10ncirnnn.
1661 589 1722 640 xm
1792 529 1796 534 ’

172 755 446 816 restauraturus
469 748 589 836 esset,
615 743 801 819 edendum
820 743 1045 846 susciperet,
1069 749 1141 822 An.
1159 739 1272 838 ttst',
1305 743 1470 820 libellum
1489 744 1524 842 ⁸)
1545 747 1718 846 praemit
1753 741 1755 749 ’

173 874 327 949 tendum
349 873 511 976 putavit,
537 901 614 978 quo
637 877 820 954 elementa
846 879 904 955 rei
931 881 1120 955 numeriae
1143 881 1183 954 in
1205 905 1309 955 usum
1331 896 1505 980 tyronum
1526 904 1570 954 ea
1592 899 1717 955 mente

173 1009 387 1110 proposuit,
414 1025 457 1084 ut
480 1011 669 1086 literarum
690 1011 867 1103 studiosi,
892 1015 1043 1113 cognitu
1073 1015 1129 1088 rei
1158 1015 1335 1114 gravitate
1365 1032 1402 1090 et
1429 1013 1716 1115 pulchritudine,

173 1143 221 1216 ad
242 1142 404 1218 studium
429 1143 723 1222 numismaticum
746 1146 996 1223 invitarentur.
1031 1151 1161 1247 Itaque
1193 1149 1233 1220 in
1252 1147 1326 1223 hoc
1354 1147 1484 1223 libello
1504 1147 1717 1224 elementari

172 1303 352 1354 summam
371 1276 427 1350 rei
454 1277 643 1354 nomarise
663 1278 825 1356 breviter
852 1281 1021 1381 exposuit
1040 1298 1079 1356 et
1096 1285 1148 1359 vt
1172 1282 1306 1356 tabulis
1327 1274 1482 1382 adiectis
1499 1307 1631 1358 numos
1650 1307 1718 1356 no·

172 1427 250 1488 tatu
272 1411 505 1510 dignissimos
525 1414 823 1514 repraesentavit.
1279 1417 1282 1424 '

268 1549 412 1624 Auctor
432 1565 580 1639 noster,
605 1573 828 1650 quamquam
849 1546 972 1622 studio
991 1573 1185 1623 numerum
1206 1572 1297 1650 prae
1321 1546 1478 1624 caeteris
1500 1549 1714 1652 occupatus,

169 1682 356 1758 tamenin
377 1681 547 1759 omnibus
575 1682 743 1785 partibus
756 1682 1047 1783 Archaeologise
1067 1683 1272 1784 aequaliter
1290 1701 1455 1760 versatus
1478 1683 1561 1758 fnit.
1604 1687 1716 1760 Prae·

170 1835 271 1896 terea
292 1817 570 1916 amplitudinem
589 1819 810 1894 eruditionis
831 1817 1000 1894 scuarinc
1017 1819 1147 1918 judicii
1165 1836 1204 1893 et
1221 1819 1359 1918 ingenii
1380 1817 1564 1916 elegantia
1583 1843 1717 1917 aequa·

170 1951 229 2024 vit.
257 1950 375 2050 Cujus
392 1949 448 2025 rei
468 1951 673 2052 exemplum
697 1951 801 2027 dedit
826 1949 867 2025 in
894 1951 1125 2054 expositione
1147 1977 1213 2028 sua
1238 1979 1462 2052 gemmarum
1481 1933 1601 2026 Musei
1622 1953 1715 2026 Cae·

168 2083 264 2158 sarei
283 2083 527 2176 Viennensis,
553 2111 707 2186 quarum
728 2086 1041 2188 praestantissima
1056 2087 1277 2190 exemplaris
1292 2089 1332 2160 in
1351 2085 1424 2161 hoo
1441 2109 1555 2188 opere
1574 2086 1715 2185 magni·
1769 2179 1773 2186 Ι

168 2215 240 2290 lico
264 2215 458 2316 descripsit
475 2215 526 2312 b).

266 2352 348 2425 Hoc
369 2350 518 2448 quidem
538 2349 706 2426 Moesum
714 2403 728 2444 ,
753 2375 776 2430 a
800 2377 876 2454 quo
894 2370 1063 2456 tempore
1081 2351 1224 2430 Eclthel
1250 2353 1331 2454 ejus
1358 2371 1484 2430 custos
1507 2325 1711 2441 exsisteret,

168 2509 395 2582 gemmarum
415 2484 611 2580 thesauris,
630 2502 703 2562 cta
724 2487 818 2562 duce
826 2488 1088 2588 Letharingiae
1109 2505 1147 2562 et
1166 2486 1252 2560 olirn
1269 2487 1309 2558 in
1328 2505 1448 2562 castro
1461 2485 1714 2562 Ambrosiensi

166 2617 382 2718 provinciae
394 2619 542 2719 Tyrolis
560 2619 742 2711 collectis,
764 2621 916 2696 ditatum
930 2623 1052 2696 fuerat
1062 2649 1076 2716 3
1102 2645 1225 2696 verum
1240 2635 1371 2694 auctor
1390 2637 1519 2694 noster
1541 2619 1713 2719 inopere

167 2777 237 2826 suo
257 2779 494 2828 nonomnem
509 2754 631 2828 Musei
652 2755 807 2856 copiam,
833 2754 982 2830 sedeas
1001 2755 1201 2855 praecipue
1217 2779 1377 2853 gemmas
1390 2752 1624 2829 illustrandas
1641 2777 1711 2854 pu·

168 2888 275 2979 tavit,
305 2913 400 2987 quaa
417 2887 475 2961 vel
493 2887 746 2987 magnitudine
767 2915 834 2966 sua
853 2889 913 2966 vel
927 2889 1079 2992 objecto
1105 2889 1337 2965 excellerent.
1356 2887 1564 2990 Explicatio
1584 2902 1710 2962 aucto·

166 3023 217 3096 ris
240 3021 361 3095 nostri
382 3022 550 3120 exemplo
570 3023 730 3123 proponi
746 3040 871 3123 potest
893 3025 1092 3114 omnibus,
1116 3023 1339 3123 quicumque
1358 3022 1470 3125 hujus
1494 3020 1642 3122 generis
1657 3021 1711 3094 la·

168 3155 326 3228 boribus
346 3171 589 3254 occupantur.
615 3157 702 3228 Non
723 3159 821 3231 enim
843 3157 1006 3233 imitatus
1025 3175 1082 3232 est
1100 3155 1484 3254 illosArchaeologiae
1502 3157 1712 3254 scriptores,

168 3289 248 3387 qni,
268 3285 356 3361 dnm
375 3289 500 3362 omnia
519 3289 718 3387 explicare,
742 3291 866 3365 omnis
884 3291 931 3366 ad
949 3291 1216 3392 mythologianr
1235 3288 1471 3362 historiamve
1490 3287 1631 3362 referre
1644 3313 1707 3361 co·

167 3439 313 3514 nentur,
330 3421 642 3523 pulchritudinem
654 3422 742 3496 artis
755 3422 970 3522 negligunt3
982 3449 1108 3523 neque
1124 3424 1194 3496 hoa
1210 3439 1474 3520 estsequutus,
1495 3421 1574 3519 qui,
1598 3421 1709 3496 unice

167 3559 339 3658 occupati
354 3555 628 3657 pulchritudine
648 3557 747 3647 artis,
765 3575 899 3632 cuncta
917 3557 1154 3658 posthabent,
1176 3580 1276 3656 quae
1296 3555 1344 3630 ad
1363 3553 1630 3655 mythologiam
1651 3554 1708 3626 lsi·

167 3692 364 3766 esuriemve
382 3690 634 3764 illustrandam
651 3689 776 3765 facere
788 3690 952 3766 valeantz
978 3690 1044 3766 sed
1060 3689 1215 3764 mediam
1236 3688 1330 3763 riam
1347 3689 1444 3763 inter
1461 3689 1710 3790 prolixitatem

165 3825 329 3936 Begeri
354 3842 392 3898 et
417 3823 653 3900 Gravellei
679 3823 882 3900 siccitatem
909 3825 1096 3924 ingressus
1118 3842 1187 3898 est.
1224 3823 1503 3923 Descriptiones
1524 3829 1606 3928 ejus
1624 3829 1709 3904 bre·

165 3987 229 4036 ves
251 3977 290 4034 et
310 3961 545 4050 succinctae,
573 3957 793 4061 perspicuae
824 3977 864 4034 et
889 3958 1117 4060 adaequatae
1124 3992 1139 4060 3
1162 3933 1400 4035 nihilominus
1426 3978 1551 4036 tamen
1574 3962 1709 4064 plenae

165 4111 251 4169 aunt
267 4095 540 4195 ingeniosorum
553 4093 871 4184 observationum,
897 4111 936 4169 et
950 4095 1115 4168 idearum
1133 4118 1334 4186 novarum,
1359 4118 1456 4193 qnae
1475 4122 1553 4170 non
1570 4098 1708 4174 nisi-ab

165 4233 315 4304 homine
338 4256 501 4304 summae
522 4227 740 4303 eruditionis
758 4246 797 4304 et
815 4229 983 4305 acerrimi
1004 4227 1157 4328 judicii,
1183 4229 1324 4330 quique
1343 4254 1472 4305 omnes
1492 4250 1617 4331 partes
1637 4237 1706 4308 Ar·

167 4362 405 4462 chacologiae
428 4389 472 4436 ex
491 4389 575 4437 asse
595 4379 757 4454 teneret,
782 4363 967 4464 proficisci
986 4381 1170 4464 poterant.

260 4497 401 4600 Prodiit
417 4497 489 4570 hoc
511 4521 604 4596 opus
616 4497 761 4572 Gallico
778 4497 952 4572 idiomate
970 4498 1240 4599 conscriptum,
1266 4522 1341 4596 qua
1361 4495 1402 4569 in
1423 4522 1466 4572 re
1487 4513 1618 4574 auctor
1637 4523 1706 4570 no·

201 4763 232 4833 s)
253 4759 459 4838 Kurzgalasste
473 4757 720 4836 Aulangrgriinde
737 4777 791 4816 zut·
803 4757 923 4816 altenN
945 4758 1099 4818 mismatilr,
1117 4757 1205 4814 Wien
1221 4767 1308 4824 1787,
1326 4757 1356 4814 in
1370 4767 1428 4822 8¹⁰.

203 4855 238 4926 b)
260 4855 355 4912 Choix
384 4854 422 4911 de
443 4855 556 4930 pierres
582 4855 721 4930 praedes,
748 4855 788 4913 du
812 4843 931 4913 cabinet
957 4853 1093 4931 imperial
1115 4854 1168 4912 des
1193 4853 1344 4930 antiques,
1370 4849 1582 4946 representem.
1598 4873 1636 4911 en
1653 4853 1703 4911 xt

256 4949 410 5028 planches.
436 4952 462 5006 Δ
477 4949 592 5010 Vienne
613 4969 649 5005 en
665 4949 823 5018 Autriche,
846 4959 914 5014 mss
929 4949 959 5006 ln
976 4949 1057 5007 lolio.
