4476 5564
331 367 337 376 ’
437 419 552 510 sp,
759 522 762 530 .
895 344 899 352 ¹
1002 524 1011 530 ν
1119 401 1396 482 crrvrx
1572 395 1585 422 ‘

366 571 373 582 ¹
415 653 416 657 ,
479 601 542 690 ipss
561 597 596 682 ⁴⁸)
623 594 777 658 trassero
799 583 904 670 deicis,
926 585 974 652 ὅτι
994 607 1052 650 rer
1071 583 1226 652 tnomss-
1253 645 1256 661 ,
1465 591 1497 650 E
1506 589 1532 650 Ia
1541 587 1576 648 A
1585 590 1615 650 G
1622 587 1658 648 A
1662 589 1691 649 B
1698 590 1763 650 Al.
1775 590 1805 648 V
1809 586 1848 650 S.

482 723 540 762 ross
556 719 649 780 τιμας
665 695 808 777 ἔσχηκα,
832 689 902 770 o'nse
921 690 970 752 a'oss
986 714 1023 751 rs
1042 684 1161 769 Σεβηρυ
1177 693 1227 766 ἀρ·
1708 704 1714 714 ·
1891 685 1893 694 ’

477 804 605 884 §apenos
625 820 674 855 noe
696 793 712 856 ὁ
738 791 802 867 dioc
828 790 902 855 olore
919 788 1106 868 inconcreta,
1128 812 1230 875 qnon-
1352 789 1544 854 Consulatus
1563 785 1732 869 Elagsbsli
1754 799 1895 868 quatuor
1918 789 1952 848 in
1970 809 2058 852 nso·
2213 782 2216 864 l

486 921 583 986 quana
609 902 676 978 ipse
701 893 896 977 (Macrinus)
920 895 1049 956 nolebat
1072 913 1158 954 anno
1187 912 1233 954 ss·
1289 891 1452 956 numentis
1474 903 1708 953 memorantur.
1746 887 1875 952 Primus
1896 891 1974 952 enni
1998 891 2054 956 V·
2215 868 2217 890 γ

487 1012 602 1088 patente
629 1002 743 1062 consol
769 1001 883 1059 tearum
911 996 1032 1067 videri,
1062 1005 1232 1072 propterea
1291 991 1408 1074 (2971
1434 1012 1532 1054 verus
1560 1011 1625 1052 non
1656 989 1736 1061 tuit.
1767 987 1951 1060 sed'nullo
1982 991 2055 1055 Ιιι-

477 1087 577 1187 ,ᾳιὶοά
598 1109 786 1161 ornamento
809 1097 995 1160 consulario
1019 1096 1154 1172 adeptus
1175 1106 1232 1167 est,
1291 1107 1404 1156 ctenus
1427 1093 1578 1176 exemplo
1602 1090 1749 1176 pervim
1771 1089 1927 1156 intruens.
1953 1092 2049 1155 Nem

487 1208 577 1288 qnod
605 1204 733 1282 quidone
759 1208 902 1276 cooptatos
930 1189 988 1254 snb
1014 1196 1134 1256 Socero
1163 1197 1233 1270 ejus
1290 1215 1363 1258 cuna
1394 1215 1511 1256 annuns
1542 1191 1627 1254 bunc
1656 1192 1863 1273 aperuissent
1883 1194 2047 1258 consule·

487 1321 614 1389 quoqne
631 1303 721 1382 filins
741 1301 883 1360 retinnit.
926 1297 991 1356 lans
1007 1313 1087 1357 vero
1102 1307 1136 1356 et
1153 1291 1233 1354 suul-
1289 1295 1453 1359 Macrinus
1498 1305 1532 1356 et
1573 1290 1761 1370 Adventus,
1804 1291 1854 1354 illi
1896 1293 2043 1358 subinde

487 1401 726 1468 toante'idem
745 1381 1071 1483 Dioobscrrenerat,
1095 1395 1234 1474 primum
1293 1397 1363 1458 acie
1394 1397 1482 1460 sicto
1518 1392 1720 1456 consulatum
1756 1389 1945 1476 abrogavit,
1981 1415 2047 1458 no·

491 1507 670 1578 Severum,
686 1521 760 1562 cuna
778 1497 947 1559 Plautiano
961 1496 1106 1559 honores
1122 1513 1237 1556 consu·
1295 1517 1437 1584 rnenqne
1460 1517 1553 1559 suum
1574 1495 1664 1556 nulla
1693 1506 1824 1562 scottus
1846 1498 2043 1560 anctoritate

357 1609 361 1614 ’
488 1608 578 1670 lares
602 1602 785 1675 tribuisset,
813 1617 954 1680 eumque
977 1595 1099 1658 deinde
1123 1615 1238 1658 consu·
1295 1598 1450 1662 infestos
1473 1596 1622 1671 intrusit,
1650 1594 1789 1682 perinde
1809 1615 1847 1658 sc
1868 1596 1897 1657 si
1917 1597 2041 1678 Kalen·

489 1689 557 1770 lem
575 1705 792 1784 designasset,
809 1700 976 1762 consulens
991 1702 1106 1760 iteratos
1120 1717 1237 1760 renun·
1296 1699 1345 1761 dis
1362 1702 1427 1761 lun.
1449 1697 1650 1762 consulatum
1674 1697 1870 1778 suscepisset
1884 1694 1929 1775 b).
1954 1697 2040 1791 Qus·

491 1809 571 1873 cieri
587 1805 740 1889 jussisse,
764 1799 851 1886 quod
871 1814 1002 1882 poster,
1025 1799 1084 1870 ait,
1108 1797 1148 1859 ab
1165 1796 1236 1861 eliis
1294 1821 1332 1863 re
1354 1799 1530 1864 nnnns.hic
1559 1801 1591 1858 in
1621 1797 1710 1860 laetis
1731 1801 1898 1861 Antonino
1919 1809 1953 1861 et
1972 1803 2039 1862 An-

488 1901 619 1994 quoqne
642 1905 762 1968 iactum
787 1901 904 1979 suit1).
949 1902 1000 1960 Ex
1019 1899 1083 1961 boc
1101 1900 1236 1962 oraculo
1293 1913 1385 1966 uento
1406 1922 1470 1964 coa.
1495 1911 1622 1962 notetus
1643 1898 1819 1982 reperitur.
1843 1895 1943 1990 Quod
1962 1919 2037 1964 cunt

432 2019 436 2030 '
489 2011 565 2074 bina
583 2007 783 2089 colligimus,
806 2003 829 2062 1.
849 1998 987 2063 saluisse
1003 2014 1068 2062 tunt
1088 2021 1129 2061 cx
1147 2000 1238 2062 insti·
1292 2021 1358 2062 non
1396 2004 1471 2065 satis
1511 1998 1737 2083 expenderent
1770 1999 1964 2077 Panrinius,
2002 2015 2037 2065 et

489 2127 561 2176 tuto
592 2107 709 2173 Severi
740 2117 929 2166 ornamenta
962 2099 1144 2166 consulut-ia
1174 2120 1235 2182 pro
1292 2103 1429 2185 Pagina,
1460 2103 1518 2172 ille
1546 2101 1678 2164 nomine
1708 2099 1867 2166 Antonini
1896 2101 2035 2186 intelligi

489 2215 563 2300 ipso
585 2211 771 2281 consulatu,
795 2207 833 2267 11.
853 2203 1034 2268 Macrinum
1056 2204 1143 2266 hunc
1168 2221 1236 2265 nro·
1281 2203 1600 2279 tDisdumeniennm,
1630 2187 1684 2267 hic
1706 2203 1887 2266 Mtcrinnnr
1917 2223 2034 2287 perpe·

489 2337 558 2378 rem
574 2316 606 2374 in
623 2333 657 2374 se
674 2306 842 2373 observari
857 2306 1014 2370 noluisse.
1036 2307 1144 2388 Atque
1158 2303 1234 2365 binc
1290 2325 1361 2368 rem
1390 2304 1576 2368 credidere.
1620 2305 1661 2370 V.
1684 2304 1720 2366 C.
1742 2321 1803 2387 97²
1831 2305 2034 2369 consulatum

487 2431 614 2481 certum
646 2425 713 2485 est,
747 2411 944 2472 monetanos
976 2410 1035 2468 hoa
1063 2419 1233 2488 receptum
1291 2407 1332 2470 11.
1359 2406 1459 2470 adivit
1481 2403 1709 2481 Nicomediae,
1740 2405 1801 2488 973
1831 2406 2033 2470 consulstnu

487 2537 635 2588 morem,
657 2512 738 2574 alios
758 2495 946 2590 imperantis
966 2509 1164 2571 voluntatem
1184 2526 1234 2568 se·
1290 2509 1346 2572 ill.
1378 2487 1521 2584 nobes,
1552 2527 1653 2568 ennus
1678 2509 1719 2574 V.
1747 2511 1784 2572 C.
1811 2515 1874 2588 074
1899 2509 2032 2584 vacarit,

485 2633 597 2688 cutus,
620 2633 702 2696 quau
729 2609 868 2670 initasse
892 2610 1060 2694 praecepti
1084 2610 1232 2691 rigerent
1290 2623 1322 2672 nt
1343 2609 1530 2690 designatus
1558 2608 1590 2669 in
1613 2627 1731 2670 anuusn
1752 2622 1945 2690 sequentem
1969 2613 2031 2694 97⁵

485 2739 553 2781 non
579 2711 747 2786 habuerit,
779 2711 858 2793 ipsis
885 2709 1233 2773 etium'consnlaribus
1290 2711 1403 2780 nonnul
1433 2714 1489 2778 IV.
1520 2708 1659 2790 conlega
1681 2709 1869 2772 Alexandro
1893 2709 2033 2776 Caesare

485 2838 557 2882 earn
573 2814 755 2898 adimplere
769 2809 1076 2892 tergiversantibus,
1092 2817 1240 2894 quorum'
1289 2809 1486 2886 consobrino
1517 2811 1639 2895 opertis
1666 2812 1730 2895 jorn
1759 2815 1794 2874 in
1823 2812 1911 2876 hunc
1939 2813 2033 2888 odiis,

484 2916 656 2984 ambitioni
679 2911 842 2978 Macrinus
864 2931 951 2977 novo
971 2913 1035 2976 boe
1059 2931 1118 2976 sno
1142 2910 1233 2976 insti·
1290 2935 1363 2978 num
1382 2925 1511 2996 ternpus
1527 2913 1593 2996 jere
1608 2891 1765 2989 adesses,
1778 2913 1963 2996 procedere
1981 2935 2033 2980 re·
2115 2981 2119 2990 ,

486 3033 558 3084 tuto
579 3018 665 3080 male
689 3013 863 3080 consuluit.
1288 3015 1373 3090 uuit,
1396 3028 1430 3077 et
1450 3028 1713 3098 perseverasset,
1735 3013 1797 3076 nisi
1812 3027 1937 3080 metunt
1954 3017 2034 3100 inje-

549 3123 584 3181 In
611 3137 710 3182 nunao
732 3116 937 3180 Antiocheno
960 3111 1125 3176 Macrinus
1153 3109 1232 3174 dici·
1289 3117 1409 3180 cimus
1431 3114 1551 3178 milite.
1567 3117 1609 3198 e),

485 3236 539 3286 tur
554 3217 733 3284 THATO.
747 3215 789 3280 Γ.
805 3221 903 3300 (Mus.
923 3216 1014 3278 Ctes.
1032 3212 1148 3296 Vaill.)
1165 3211 1231 3276 Sed
1353 3216 1444 3282 Trib.
1465 3229 1659 3300 potestatem
1682 3217 1722 3282 V.
1745 3214 1924 3300 Elagabalo
1950 3219 2033 3286 obti-

484 3319 666 3388 verisimile
696 3333 764 3395 est,
800 3316 986 3400 matricem,
1024 3319 1105 3400 qdae
1136 3315 1231 3378 Cern-
1289 3318 1394 3404 gisse,
1427 3319 1663 3398 indubitatum,
1693 3315 1920 3382 adserentibus
1958 3341 2029 3386 estu

484 3424 588 3490 callus
623 3421 749 3497 inerat,
789 3437 888 3482 nunno
918 3415 1055 3480 Macrini
1091 3418 1232 3501 spplicn·
1288 3440 1353 3483 non
1375 3421 1473 3512 modo
1494 3423 1602 3485 nuntia
1625 3420 1783 3506 copiosis,
1812 3421 1871 3484 sed
1894 3437 1927 3488 et
1949 3445 2033 3488 snar-

483 3542 565 3603 tam,
595 3523 683 3609 qnod
705 3523 811 3608 ipsunt
833 3519 977 3604 apertius
998 3517 1120 3586 docent
1141 3521 1229 3582 nunti
1288 3524 1444 3588 moribus.
1490 3523 1557 3586 Sed
1596 3521 1629 3584 id
1672 3521 1777 3606 ipannr
1817 3537 1905 3601 eret,
1943 3524 2033 3610 quod

484 3625 747 3712 Disdumenisni.
1287 3645 1487 3690 summorum
1505 3625 1651 3689 virorum
1668 3625 1798 3709 ingenia
1816 3622 1962 3710 graviter
1977 3647 2033 3724 ex·

1014 3921 1019 3932 ⁸
1747 3940 1755 3956 r
1928 3943 1934 3960 s

439 4148 444 4157 ,
494 4087 547 4162 ““)
574 4084 643 4143 Non
669 4101 790 4161 possum
814 4079 873 4137 hoc
899 4075 966 4135 loco
992 4097 1053 4134 nou
1072 4087 1101 4134 et
1120 4097 1230 4138 summe
1258 4077 1397 4149 laudere,
1423 4091 1452 4139 et
1471 4079 1610 4159 srnpiecti
1629 4080 1813 4161 praeclarens
1833 4069 2032 4159 conjecturum

572 4173 721 4239 Fabricii,
748 4171 799 4248 qui
825 4167 856 4224 in
882 4177 1026 4244 corrupto
1050 4165 1107 4224 boc
1126 4169 1231 4226 Dionis
1258 4169 1324 4228 loco
1349 4168 1506 4247 legendum
1531 4182 1630 4230 censet
1647 4186 1693 4247 τῳ
1710 4161 1917 4246 t'nsosrtt’rts,
1943 4195 2031 4235 ,enm

570 4258 771 4339 pronissimo,
800 4267 829 4314 et
853 4276 934 4315 nnnc
961 4255 1058 4313 nuntie
1084 4257 1171 4314 etism
1198 4259 1409 4338 comprobsto,
1436 4271 1538 4320 contre
1563 4279 1651 4338 quatu
1677 4264 1708 4322 in
1734 4263 1892 4323 codicibus
1918 4265 2032 4344 legatur

571 4360 617 4420 τῳ
630 4333 742 4398 t’sttom
759 4332 824 4410 itt,
847 4343 932 4402 nullo
960 4363 1030 4402 suns
1056 4363 1162 4415 sensu,
1191 4359 1220 4406 nt
1245 4367 1319 4424 quse
1345 4347 1433 4406 lentio
1459 4349 1518 4423 ism
1540 4350 1659 4429 pridem
1679 4353 1794 4414 criticis
1811 4365 1949 4435 stupuere
1966 4355 2030 4416 viss

572 4435 636 4498 init.
674 4433 756 4512 Vide=
771 4444 871 4494 notant
890 4447 926 4500 72
945 4431 985 4492 nd
1002 4432 1108 4492 Dionis
1127 4433 1238 4510 librum
1257 4439 1418 4500 LXXVIII.

478 4619 602 4722 ¹131..
622 4645 833 4720 XLVIW.
936 4641 1344 4726 b)1tiot.t.xx1x.§.u.
1445 4627 1957 4736 c)1.snprid.tnntagat.s.rs
