4404 5564
588 587 666 662 sn
703 587 991 668 vouvnnr
1028 597 1304 674 rrnmvn.
1529 587 1531 592 ’
1676 628 1721 693 m

176 773 278 838 genus
303 751 342 816 ab
361 753 512 832 Artaxia,
535 756 590 842 qui
611 758 732 824 defecit
748 761 787 825 ab
807 764 920 828 Antio·

174 857 238 920 cho
256 861 317 933 tt..
340 877 545 942 regnumque
566 860 741 927 Armeniae
762 864 918 933 fundarit.

174 961 229 1040 (1.
247 961 299 1022 XI.
316 981 348 1043 p.
367 981 409 1024 m.
424 963 512 1042 804.)
537 961 626 1026 Unus
645 961 731 1028 sorte
754 967 917 1052 Appiauus

174 1061 352 1146 Tigranem
368 1065 413 1126 M.
433 1077 527 1128 vocat
549 1065 701 1148 Tigranis
724 1065 842 1146 lilium,
870 1071 918 1152 (in

175 1161 298 1246 Syriae.
319 1184 348 1229 c.
364 1167 434 1247 48.)
453 1165 639 1244 aedicere,
663 1166 719 1254 qui
738 1167 824 1234 hunc
844 1193 918 1256 pro·

171 1277 248 1349 pter
268 1265 384 1330 famam
404 1267 539 1332 nimium
566 1269 721 1334 incertam
748 1275 919 1360 negligen-

172 1366 249 1430 dum
276 1384 441 1454 putarent,
469 1391 555 1456 quos.
575 1373 660 1434 inter
678 1373 737 1436 suit
755 1377 917 1442 licinerus

173 1471 388 1550 Reineccius,
433 1493 530 1556 quem
569 1488 700 1536 secutus
739 1499 809 1540 sum
842 1501 914 1564 ego.

172 1573 248 1634 Fuit
280 1573 377 1636 etiam
400 1575 560 1658 Tigranes
583 1577 694 1660 Magni
720 1577 820 1658 lilius,
851 1583 915 1664 pri·

170 1697 259 1736 mum
272 1677 305 1737 in
322 1690 448 1760 patrem
467 1678 557 1762 pius,
576 1677 694 1742 deinde
713 1683 840 1765 impius.
860 1684 916 1750 Vi·

170 1779 212 1841 de
235 1761 458 1846 Reineccium.
497 1781 614 1842 Utrum
637 1801 715 1844 vere
742 1783 775 1843 in
800 1785 915 1858 Arme·

168 1883 220 1942 nia
249 1885 452 1966 regnaverit,
495 1902 560 1943 non
592 1883 668 1944 satis
700 1901 912 1970 compertum.

167 1984 253 2044 Eum
274 2003 350 2045 sane
366 1982 453 2046 inter
468 1982 663 2062 Armeniae,
686 1986 798 2048 saltem
817 1989 915 2071 majo·

167 2085 230 2162 ris,
255 2105 353 2167 reges
379 2107 443 2146 non
465 2105 626 2170 recepere
643 2109 750 2172 neque
773 2089 913 2154 Vaillan·

167 2185 241 2262 tius,
260 2207 366 2269 neque
385 2186 568 2252 Brotierus.
585 2189 642 2272 (ad
662 2189 764 2252 Tacit.
782 2193 878 2255 Tom.
888 2193 911 2255 1.

167 2307 200 2368 p.
216 2285 305 2368 365.)

231 2391 344 2454 Serius
367 2391 454 2453 inter
471 2390 647 2454 Armeniae
667 2411 765 2474 reges
789 2412 911 2454 memo·

166 2507 257 2556 ratur
274 2493 355 2556 alius
375 2492 552 2576 Tigranes,
580 2514 677 2577 quem
697 2493 824 2556 omissis
839 2493 909 2555 aliis

166 2595 272 2658 minas
296 2595 396 2659 certis
424 2595 515 2657 lubet
537 2595 714 2678 Tigranem
736 2598 774 2658 11.
800 2595 910 2678 appel·

164 2699 253 2776 lare,
277 2711 311 2762 et
333 2697 487 2782 adquam
511 2719 628 2760 namus
652 2717 806 2782 praesens
825 2695 908 2758 haud

976 768 1141 832 tevasdem
1170 769 1291 838 vocari.
1329 771 1383 855 (L.
1400 774 1437 836 lt.
1467 795 1495 840 c.
1514 779 1583 860 (34.)
1623 777 1719 845 Hanc

977 871 1153 955 Tigranem
1175 873 1239 935 Dio
1261 871 1395 937 fratrem
1420 877 1591 942 Artabaeis
1614 883 1723 963 appel·

975 973 1038 1050 lat,
1059 974 1176 1036 melius
1193 975 1370 1038 secundum
1391 975 1475 1040 dicta
1494 979 1657 1046 Artaxias.

1040 1079 1107 1138 lam
1138 1097 1220 1160 quae
1243 1076 1283 1140 ad
1305 1079 1532 1162 explicandum
1554 1082 1641 1146 hunc
1665 1103 1722 1146 nu·

975 1199 1063 1240 mum
1085 1179 1221 1262 propius
1242 1179 1416 1259 pertinent,
1439 1181 1580 1266 petenda
1602 1204 1643 1246 ex
1661 1187 1721 1248 Ta·

977 1279 1042 1343 cito
1070 1283 1134 1364 jam
1164 1303 1182 1340 a
1210 1280 1339 1344 Sestino
1371 1283 1540 1366 praeclare
1569 1285 1718 1351 indicata.

975 1387 1006 1444 ls
1029 1395 1197 1466 postquam
1222 1399 1384 1462 narasset,
1409 1386 1584 1469 Tigranem
1599 1387 1638 1450 ab
1655 1387 1720 1450 Au·

976 1499 1070 1568 gusto
1093 1484 1267 1548 Armeniae
1291 1485 1391 1550 luisse
1414 1487 1617 1570 impositum,
1648 1489 1721 1552 sub·

974 1586 1060 1669 jicit:
1087 1587 1188 1670 (Auo.
1201 1591 1242 1654 11.
1258 1591 1303 1670 4.)
1333 1587 1403 1680 lieo
1434 1591 1573 1673 Tigrani
1593 1593 1721 1654 diutur-

973 1711 1052 1752 num
1072 1693 1244 1773 imperium
1259 1691 1353 1772 fuit,
1382 1709 1484 1771 neque
1506 1691 1622 1754 liberis
1639 1693 1719 1772 ejas,

973 1811 1172 1872 quemquam
1207 1793 1349 1854 sociatis
1386 1813 1475 1854 neore
1508 1805 1646 1855 externo
1683 1793 1719 1855 in

972 1877 1222 1955 matrimonium
1239 1911 1450 1972 regnumque.
1476 1895 1607 1956 Deinde
1622 1894 1718 1974 jussu

974 1995 1128 2076 Augusti
1145 1995 1322 2078 impositus
1341 1995 1569 2074 Artauasdes,
1594 2007 1628 2058 et
1653 2013 1719 2056 non

970 2099 1044 2158 sine
1061 2096 1155 2157 clade
1172 2107 1287 2156 nostra
1303 2097 1456 2174 dejectus.
1485 2097 1565 2159 Tirm
1587 2097 1620 2159 C.
1639 2097 1718 2159 Cae·

969 2217 1028 2258 sar
1057 2197 1299 2279 componendae
1327 2200 1511 2260 Armeniae
1542 2198 1717 2280 deligitur?

969 2299 1005 2358 Is
1023 2297 1279 2359 Ariobarzanen
1298 2301 1427 2379 origine
1447 2298 1584 2360 riledum
1605 2300 1645 2360 ab
1667 2301 1717 2362 in·

968 2403 1094 2480 signem
1111 2403 1257 2480 corporis
1265 2400 1432 2482 formam,
1454 2410 1488 2459 et
1505 2401 1716 2481 praeclarum

969 2503 1117 2560 animum
1139 2500 1323 2561 volentibus
1347 2499 1522 2561 Armeniis
1541 2503 1713 2584 praefecit.

969 2599 1205 2663 Ariobarzane
1234 2613 1340 2662 marte
1359 2602 1513 2683 fortuito
1541 2603 1714 2684 absumpta

967 2705 1103 2781 stirpem
1121 2704 1191 2780 ejus
1206 2703 1297 2763 baud
1312 2703 1505 2778 toleravere,
1522 2713 1716 2784 tentatoque

164 2799 262 2862 dubie
281 2801 431 2884 pertinet.
468 2801 601 2884 Tigrani
618 2803 642 2866 l.
663 2805 780 2885 Magno
798 2821 910 2863 suece-
957 2803 1109 2889 feminae
1132 2805 1287 2886 imperio,
1313 2805 1369 2863 cui
1388 2824 1514 2865 narnem
1537 2805 1676 2868 ERAT
1675 2809 1714 2884 0,

163 2901 210 2965 dit
242 2901 328 2964 lilius
360 2903 574 2982 Artavasdes,
614 2924 711 2988 quem
748 2903 908 2964 Antonius

162 3006 259 3068 Illrir
294 3005 410 3067 fraude
440 3007 698 3069 circumventum
729 3003 833 3088 cepit,
874 3015 906 3065 et

162 3106 395 3170 Alexandriam
415 3105 567 3185 deduxit,
591 3123 704 3192 postea
721 3107 904 3184 interfecit,

162 3222 197 3272 ut
215 3221 326 3270 narrat
344 3209 496 3284 Tacitus,
516 3214 617 3290 (Anu.
634 3211 724 3274 1..11.
743 3230 769 3272 e.
783 3211 829 3291 3.)
847 3211 905 3272 sed

160 3309 225 3370 Dio
250 3323 323 3392 post
344 3311 471 3372 cladem
499 3311 663 3375 Actiacam
691 3333 708 3373 a
731 3313 904 3394 Cleopatra

161 3433 290 3478 caesam
317 3413 431 3476 refert.
464 3415 519 3496 (L.
537 3415 591 3476 Ll.
610 3421 636 3492 ς.
652 3415 699 3490 5.)
742 3413 822 3496 Ejus
848 3435 904 3474 nu-

159 3535 247 3576 mum
279 3537 375 3598 supra
409 3513 495 3580 dedi.
536 3515 642 3576 Patris
672 3534 811 3597 regnum
839 3515 905 3576 adit

160 3618 246 3680 lilius
269 3617 437 3694 Artaxias,
460 3637 524 3700 quo
547 3637 608 3700 per
635 3616 747 3681 dolum
774 3621 905 3704 propin·

160 3740 298 3802 quorum
318 3720 444 3796 occiso,
471 3731 506 3781 ut
524 3719 642 3784 eodem
659 3721 733 3784 loeo
753 3723 906 3806 perhibet

160 3821 308 3898 Tacitus,
349 3821 514 3904 Augustus
541 3821 581 3886 V.
600 3823 636 3888 C.
665 3821 728 3906 734
753 3825 785 3886 in
811 3827 905 3909 Syria

159 3923 283 4006 degens
302 3923 465 3986 Armeniis
482 3924 658 4005 Tigranem
675 3927 849 4008 praefecit,
871 3941 904 3991 et

157 4047 218 4108 per
242 4025 412 4088 Tiberium
436 4027 603 4090 Neronem
633 4027 666 4087 in
684 4048 822 4112 regnum
849 4029 904 4092 de-

156 4127 340 4192 ducendum
360 4129 494 4194 curavit.
524 4128 615 4189 ldem
633 4129 739 4193 refert
752 4133 826 4210 Dio,
847 4133 902 4214 (L.

155 4231 241 4298 LIV.
261 4233 288 4308 §.
308 4231 354 4313 q.)
377 4229 484 4292 sedin
500 4229 666 4294 nonnullis
683 4232 794 4299 variat.
824 4233 903 4298 Cae·

157 4333 183 4394 si
198 4331 366 4407 Artaxias,
382 4345 416 4392 et
435 4332 585 4414 Tigranis
606 4332 645 4394 ab
664 4335 811 4418 Augusto
827 4358 902 4400 eon·

156 4432 258 4494 stituti
274 4431 362 4516 regis
380 4433 525 4494 meminit
543 4435 639 4496 etiam
658 4451 901 4500 monumentum

156 4539 372 4618 Aneyranum.
398 4535 572 4615 (Citisirall.
589 4537 663 4598 Ant.
679 4538 755 4600 Asia
768 4561 800 4620 p.
817 4541 900 4621 ¹75)

156 4639 267 4732 Quare
301 4635 437 4714 mirum,
468 4660 584 4720 regem
609 4639 696 4700 hunc
725 4663 743 4700 a
765 4639 899 4704 Tiberio

155 4740 330 4804 Armeniae
365 4737 551 4824 impositum
584 4764 603 4803 a
630 4741 748 4808 Veleio
785 4757 899 4804 contra

156 4845 299 4906 ottsirium
322 4839 420 4904 fidem
442 4863 509 4904 non
531 4843 725 4929 Tigranem,
757 4843 815 4908 sed
838 4845 898 4909 At·-

965 2925 1068 2983 eaqae
1085 2905 1176 2967 brevi
1190 2907 1304 2987 pulsa,
1322 2907 1460 2980 incerti,
1480 2907 1661 2987 salutique,
1681 2919 1715 2969 et

965 3009 1076 3088 magis
1100 3009 1171 3069 sine
1193 3009 1342 3082 domine,
1370 3027 1468 3086 quam
1490 3009 1525 3069 ia
1545 3008 1712 3086 libertate,

959 3109 1139 3192 presagum
1171 3111 1341 3170 Vononem
1376 3109 1553 3188 (Parthiae
1585 3111 1710 3194 regem)

963 3213 999 3272 t'n
1019 3231 1154 3291 regnum
1173 3213 1352 3292 accipiant.

1025 3311 1218 3373 Praeclarus
1247 3310 1299 3371 hio
1325 3330 1440 3370 numus
1464 3331 1527 3372 una
1551 3331 1624 3372 cnm
1650 3313 1711 3372 Ta·

961 3411 1018 3474 citi
1034 3411 1142 3472 verbis
1155 3411 1291 3473 collatus
1309 3433 1372 3472 non
1389 3432 1488 3494 pauca
1505 3432 1563 3473 nos
1581 3411 1709 3476 edocet.

962 3513 1091 3574 Dicitur
1113 3515 1214 3574 Erato
1238 3513 1327 3596 regis
1353 3513 1505 3596 Tigranis
1531 3533 1647 3590 soror,
1677 3525 1710 3574 et

963 3613 1142 3679 verisimile
1160 3615 1266 3698 plane',
1283 3615 1382 3677 luisse
1398 3629 1430 3678 et
1447 3616 1620 3698 conjugem
1633 3636 1708 3678 eum

963 3715 1090 3782 adserat
1108 3717 1257 3791 Tacitus,
1274 3717 1306 3777 in
1324 3717 1474 3800 Tigranis
1498 3731 1595 3802 gente
1614 3739 1706 3782 more

964 3833 1100 3882 externo
1116 3839 1189 3882 cum
1205 3818 1372 3880 sororibus
1390 3821 1509 3884 sociata
1526 3821 1625 3883 luisse
1642 3841 1707 3884 ma·

961 3919 1149 3984 trimonium
1176 3942 1392 4006 regnumque.
1431 3923 1522 4005 Ergo
1546 3923 1705 4006 Tigranes

962 4046 1051 4087 suam
1068 4037 1100 4088 et
1117 4045 1266 4086 sororem
1286 4039 1319 4088 et
1334 4025 1509 4108 conjugem
1526 4025 1558 4085 in
1575 4035 1705 4088 moneta

961 4127 1116 4190 sociando
1144 4126 1232 4188 idem
1257 4127 1354 4204 feeit,
1386 4127 1474 4210 quod
1500 4127 1602 4188 multo
1628 4142 1702 4190 ante

959 4251 1059 4314 reges
1084 4231 1241 4314 Aegypti,
1270 4243 1305 4293 et
1326 4229 1431 4292 serius
1449 4231 1702 4312 ¹Commagenes.

961 4335 1077 4396 Narrat
1097 4334 1243 4408 Tacitus,
1273 4333 1447 4394 Armenios
1472 4329 1701 4393 Ariobarzanis

959 4436 1080 4496 mortui
1098 4435 1250 4518 stirpem,
1273 4433 1492 4510 hauddubie,
1516 4431 1589 4516 quia
1607 4453 1703 4514 pere·

960 4537 1052 4621 grina
1081 4535 1176 4610 iecit,
1207 4559 1271 4598 non
1304 4539 1473 4600 tolerasse.
1509 4535 1699 4602 Verisimile

959 4657 1059 4724 ergo,
1089 4659 1146 4702 eos
1168 4639 1354 4724 respexisse
1380 4641 1497 4715 Erato,
1525 4637 1699 4700 mulierem

957 4741 1107 4826 quidem,
1128 4755 1235 4804 tamen
1254 4741 1360 4826 gentis
1378 4761 1471 4816 suae,
1495 4753 1528 4802 et
1547 4739 1697 4823 Tigranis

954 4842 1063 4906 iratris
1090 4863 1237 4908 uxorem.
1273 4845 1324 4905 Er
1352 4843 1416 4907 hoc
1445 4845 1564 4906 iterum
1597 4863 1697 4903 numo
