4404 5564
423 525 567 661 'aa
807 511 816 520 ’
939 563 944 571 ·
1093 547 1479 625 aroanna

521 730 610 796 Istud
625 730 689 796 riri
704 722 824 794 eruditi
839 722 995 808 judiciam
1011 721 1081 806 ejus
1099 735 1149 784 eat
1162 741 1259 805 gene·
1301 742 1348 788 J.
1382 739 1415 784 e.
1450 715 1742 793 vetestnott,
1790 713 2087 784 santstuott

519 835 587 910 ris,
605 846 642 896 ut
660 843 771 915 suapte
793 847 865 890 sese
884 823 1037 888 continuo
1055 821 1173 888 offerat
1193 844 1257 886 om·
1315 819 1488 894 F·EROM;
1515 841 1589 882 nam
1613 816 1760 883 ridemus
1783 816 1829 880 iu
1856 837 1936 880 uno
1960 813 2087 880 eoden-

519 917 693 1008 triburiis,
719 909 1258 1015 quiinpopulorumltalicarum
1315 943 1379 1008 que
1398 919 1557 987 vocabulo
1579 932 1703 982 certum
1727 920 1751 980 S
1771 918 1851 982 alia
1876 920 1999 982 forma
2021 937 2086 978 exa·
2160 938 2163 1015 ἐ

521 1032 690 1119 alphabeta
709 1023 892 1115 inquirunt,
915 1048 1021 1115 neque
1044 1025 1259 1111 exspectanda
1315 1037 1430 1092 ratum
1458 1021 1610 1104 Denique
1633 1019 1718 1082 siin
1744 1019 1957 1084 Samnitum
1982 1019 2086 1098 lingua

517 1135 613 1199 fuere
623 1133 763 1216 denique
774 1132 1073 1215 Sestiuiitempore‚
1085 1148 1167 1212 quae
1177 1127 1259 1190 hano
1314 1123 1416 1192 rerba
1440 1121 1597 1206 quaedam
1624 1133 1776 1205 poteraut
1815 1121 1933 1186 exire
1964 1119 2001 1182 in
2024 1121 2084 1191 Ill,

517 1236 623 1302 facem
642 1232 859 1317 praeferrent.
1314 1245 1388 1300 vpc.
1404 1227 1438 1286 iu
1456 1223 1651 1299 SAFlNlld,
1668 1221 1795 1299 nescio,
1815 1242 1894 1286 cur
1912 1239 1984 1306 pro
2003 1219 2085 1284 varia

583 1337 649 1400 Cur
664 1355 745 1419 ergo
761 1348 815 1398 aut
831 1353 910 1416 ego,
927 1347 999 1408 aut,
1016 1330 1118 1416 quiin
1133 1328 1195 1393 hoc
1211 1349 1260 1392 ar·
1315 1326 1495 1394 vicinarum
1527 1323 1672 1406 gentium
1705 1323 1881 1400 dialecto,
1924 1318 2085 1386 vocabula

519 1439 674 1524 gumento
702 1449 787 1500 tanta
811 1455 884 1498 cum
909 1432 1004 1496 laude
1028 1445 1175 1497 versatus
1200 1441 1260 1506 est,
1317 1429 1380 1494 alia
1394 1426 1546 1494 desinere
1564 1425 1600 1488 iu
1614 1423 1684 1490 ΟΜ
1699 1443 1766 1489 nou
1782 1423 1991 1510 potueriat.

521 1539 584 1603 cel.
600 1536 742 1600 Lauzius
765 1535 946 1620 parabilem
965 1535 1048 1598 hanc
1069 1529 1261 1595 sententiam

518 1638 746 1724 negleximus?
763 1626 827 1705 Vel
842 1637 922 1698 haee
937 1658 999 1698 una
1015 1652 1109 1696 causa
1121 1631 1260 1708 suffecit,
1448 1632 1484 1694 P.
1499 1637 1568 1706 ιίμ.
1589 1627 1652 1696 col.
1664 1651 1691 1695 t.
1708 1641 1787 1712 post
1803 1630 1876 1692 tin.
1890 1625 1953 1690 23.

521 1738 610 1824 quod
623 1739 739 1804 idonea
755 1741 824 1805 visa
839 1759 905 1799 nou
921 1749 983 1800 est.
1039 1733 1103 1797 uod
1118 1731 1204 1796 euim
1219 1731 1263 1794 ait

520 1840 698 1918 Sestiuius‚
724 1837 768 1903 M
784 1859 845 1924 pro
862 1832 895 1898 Σ
917 1837 986 1919 legi
1006 1735 1039 1895 id
1060 1835 1183 1911 numia,
1214 1833 1282 1894 in·v
1506 1783 1547 1847 A
1568 1781 1595 1845 S
1618 1783 1646 1847 0
1666 1783 1747 1848 VL
1770 1786 1808 1848 V
1824 1783 1890 1847 Μ’

520 1940 737 2025 telligeudum
750 1953 869 2002 tautum
887 1939 991 2002 eatdc
1004 1937 1109 1998 numia
1121 1936 1262 1998 Graeco·
1381 1919 1472 1983 Urbs
1489 1919 1628 2005 Apuliae
1651 1919 1917 1984 medilerrtnea·
1948 1917 2006 1978 En
2027 1911 2080 1975 libi

518 2065 591 2106 rum
610 2041 852 2125 antiquissimis,
876 2059 913 2102 ac
932 2038 1004 2100 lere
1022 2049 1145 2100 tautum
1160 2036 1262 2100 Grae·
1317 2043 1451 2085 numum
1468 2045 1486 2084 a
1503 2019 1633 2084 Sestiuo
1652 2021 1714 2085 huc
1729 2034 1901 2088 vocatum.
1924 2021 2076 2103 (Lettere

521 2145 590 2207 ciac
607 2164 761 2227 magnae,
780 2141 820 2204 de
838 2160 902 2224 quo
919 2139 1049 2224 egimus
1062 2138 1154 2203 alibi..
1166 2139 1262 2221 (Pro-
1319 2119 1359 2191 T.
1372 2121 1642 2207 v.·p.xxxv1.)

519 2247 585 2328 leg.
604 2265 678 2327 gen.
699 2266 734 2327 p.
749 2245 815 2324 ct..)
844 2243 888 2304 At
906 2242 996 2304 numi
1015 2239 1194 2324 praesentia
1212 2259 1262 2301 ar·
1385 2245 1491 2326 Caput
1514 2231 1670 2304 Herculii
1689 2241 1865 2306 barbatum
1890 2240 1992 2326 pelle
2015 2238 2075 2296 leo·

520 2347 753 2431 gumeuticum
771 2343 997 2407 terminatione
1013 2343 1047 2403 iu
1062 2339 1137 2404 OM
1153 2361 1190 2402 ca
1206 2338 1261 2400 de·
1316 2349 1371 2408 nis
1396 2354 1528 2406 tectum.
1559 2338 1582 2401 t
1609 2338 1763 2408 vltmt
1789 2345 1959 2410 Victoria
1985 2350 2075 2400 stans

519 2449 624 2534 nique,
636 2461 741 2512 aetate
756 2446 825 2511 cusi
836 2459 920 2522 sunt,
935 2465 997 2530 qua
1013 2443 1066 2509 vel
1081 2441 1144 2525 ipsi
1158 2441 1259 2503 Grae·
1315 2449 1345 2510 d.
1363 2445 1496 2526 palmae
1510 2462 1639 2504 romum
1655 2443 1842 2528 contingit,
1865 2468 1896 2508 s.
1919 2453 2071 2506 extenso·

519 2550 552 2613 ci
574 2550 711 2612 formam
734 2546 778 2610 M
799 2567 860 2630 pro
881 2542 915 2606 Σ
936 2546 1002 2628 jam
1021 2544 1149 2627 pridem
1172 2541 1259 2626 abjc-
1318 2546 1394 2606 att..
1403 2547 1461 2608 111.

400 2727 407 2740 Ι
518 2670 607 2716 cere.
627 2633 742 2732 Neque
758 2647 898 2730 probare
914 2646 1051 2730 possim,
1067 2641 1210 2716 Mistud
1226 2642 1260 2702 iu
1380 2644 1435 2706 Ait
1450 2643 1501 2710 vir
1520 2641 1681 2721 eruditus,
1698 2643 1755 2706 has
1775 2644 1985 2731 epigraphes
2003 2639 2072 2702 lite·

519 2751 571 2813 his
593 2750 699 2810 numia
721 2767 793 2809 esse
817 2748 839 2808 S
860 2749 1047 2820 Etruscum..
1071 2747 1172 2807 Plura
1193 2743 1261 2829 qui·
1316 2768 1369 2810 ras
1394 2765 1466 2808 esse
1492 2745 1634 2808 Graecas
1659 2745 1851 2829 antiquatas,
1872 2763 2004 2830 easque
2022 2761 2070 2802 te·

521 2851 597 2912 dem
628 2847 778 2931 exempla
810 2846 946 2932 collegit
972 2846 1132 2923 Lanzios,
1162 2845 1260 2908 etiam
1318 2843 2067 2929 solvendaslegendoretrogradeinAVSCL-‚

519 2953 657 3014 sormam
674 2945 718 3011 M
734 2949 881 3010 Etruscis
901 2967 1130 3030 nonnunquam
1152 2966 1213 3029 pro
1236 2947 1258 3007 S
1318 2948 1405 3034 quod
1428 2962 1477 3010 est
1490 2969 1552 3031 per
1572 2945 1766 3012 metathesin
1783 2967 1845 3030 pro
1861 2945 2066 3018 AvchL·.

518 3052 670 3118 saluisse.
700 3049 835 3132 (Saggio
859 3052 898 3112 T.
912 3051 937 3113 l.
960 3050 1096 3131 pora.)
1121 3049 1164 3109 At
1189 3067 1260 3109 cer·
1317 3071 1389 3115 esse
1406 3048 1489 3113 adeo
1504 3070 1637 3110 numum
1655 3048 1742 3112 hunc
1759 3050 1874 3112 Asculi
1887 3033 2065 3135 apiliaco

520 3169 589 3216 tum
613 3166 664 3216 est
684 3152 797 3226 etiam,
821 3149 908 3212 inter
926 3149 1075 3225 latinos,
1102 3147 1258 3221 Volscos,
1315 3151 1406 3214 hello
1424 3171 1497 3214 eum
1512 3147 1641 3232 Pyrrho
1660 3149 1795 3235 ejusque
1815 3151 1861 3213 ibi
1878 3151 1978 3216 clade
1994 3164 2066 3226 cog·

524 3255 651 3333 Oscos,
668 3272 862 3336 omnemque
880 3271 954 3313 eum
973 3263 1127 3326 tractum,
1144 3249 1178 3312 in
1195 3268 1259 3334 quo
1316 3253 1394 3330 niti,
1417 3266 1450 3316 et
1476 3253 1562 3314 sorte
1589 3272 1661 3314 esse
1686 3272 1842 3319 coaevum
1865 3253 1945 3317 huie
1973 3244 2065 3332 Epiri

521 3355 613 3418 numi
630 3355 751 3436 similep
766 3352 881 3437 signati
896 3349 1046 3429 sunt‚M
1059 3371 1189 3434 semper
1206 3351 1261 3414 ha·
1316 3356 1411 3440 regi,
1424 3353 1578 3416 nimirum
1603 3367 1680 3436 typo
1699 3354 1865 3421 Victoriae
1888 3355 1931 3418 ad
1949 3355 2065 3416 Roma·

521 3457 632 3521 baisse
660 3457 805 3523 valorem
831 3457 867 3516 tt
893 3451 1121 3535 Latini-Ejus
1149 3453 1260 3536 legem
1316 3478 1436 3532 porum
1457 3457 1626 3522 victoriam
1654 3455 1840 3521 adludente,
1871 3457 1968 3520 Haec
1997 3451 2063 3516 ille.

520 3573 643 3624 certam
661 3556 865 3640 suppeditant
882 3555 1027 3638 pondera
1045 3554 1262 3638 quadrilatera
1320 3559 1395 3651 Quo
1422 3558 1456 3620 in
1486 3557 1658 3621 ratiocinio
1686 3558 1750 3641 jam
1777 3557 1865 3621 istud
1894 3556 2063 3643 displicet.

519 3681 596 3724 eum
614 3658 793 3744 epigraphe
809 3658 1053 3732 ΒΟΜΑΝΟΜ,
1072 3677 1136 3738 quo
1158 3656 1191 3717 iu
1211 3677 1266 3721 vo·
1323 3659 1410 3744 quod
1431 3659 1634 3743 epigraphen
1651 3671 1799 3722 constare
1820 3658 1927 3722 literis
1950 3675 2065 3746 perre-

521 3761 650 3838 cabnlo‚
665 3760 843 3845 quialitera
854 3759 949 3820 tertia
966 3757 1034 3819 aine
1047 3757 1146 3822 dubio
1159 3761 1263 3832 eant,
1322 3761 1415 3824 tastis
1436 3759 1585 3838 Graecia,
1609 3759 1727 3824 deiude
1745 3759 1915 3843 antiquatis
1932 3755 2062 3825 adserit.

523 3883 659 3926 necesse
676 3861 772 3943 plane
788 3873 854 3932 est,
873 3859 1022 3950 ultimam¹
1036 3880 1164 3946 quoque
1182 3861 1266 3943 ejus·
1322 3863 1453 3925 Literae
1467 3863 1627 3927 secundae
1646 3859 1879 3944 forma‚'quam
1899 3863 1961 3928 illo
1982 3855 2065 3947 posi·

523 3965 598 4027 dem
627 3983 699 4026 ease
721 3959 899 4045 potentiae.
927 3962 1052 4027 Verum
1079 3959 1265 4026 Secundum
1321 3977 1386 4027 tam
1407 3983 1468 4046 pro
1485 3964 1516 4030 V
1533 3965 1588 4028 vel
1604 3961 1635 4024 T
1656 3983 1850 4046 graecorum
1863 3965 1924 4039 ait,
1945 3965 1979 4028 in
1996 3959 2064 4028 nul·

522 4065 638 4128 dictata
655 4062 786 4127 Sestinii
801 4082 840 4124 ea
858 4083 921 4125 rox
940 4062 1181 4144 pronuncianda
1195 4085 1263 4125 non
1306 4064 1354 4126 ·'lo
1379 4084 1477 4126 numo
1494 4065 1548 4127 rel
1574 4085 1855 4142 marmorearum,
1879 4087 1978 4150 quem
1998 4059 2065 4124 vult

521 4168 585 4234 erit
607 4168 805 4238 Rrrmarom,
830 4161 888 4224 scd
911 4165 1071 4229 Rosonos.
1100 4164 1264 4230 tutatuta
1320 4164 1577 4232 valoremlrabet.
1594 4167 1628 4226 F
1631 4185 1720 4229 orma
1729 4167 1858 4230 litterae
1872 4169 1999 4245 tertiae,
2018 4163 2060 4226 sio·

522 4289 625 4334 aenea
644 4265 766 4334 Volsca
787 4263 961 4348 iuscripta,
984 4287 1079 4352 quam
1099 4268 1167 4330 aeri
1186 4267 1264 4331 inci·
1321 4283 1356 4331 ut
1377 4268 1478 4352 sigma
1497 4267 1556 4344 sit,
1575 4267 1813 4352 antiquissimae
1837 4271 1934 4332 aetati
1954 4271 2062 4356 ignoto

521 4393 590 4436 sam
608 4365 744 4432 eruditis
757 4364 874 4427 obtulit
889 4387 954 4432 em.
968 4367 1063 4432 Card.
1076 4369 1212 4452 Borgia‚
1228 4383 1262 4432 et
1320 4371 1390 4434 suit.
1412 4369 1587 4432 Rarissime
1607 4369 1722 4446 etiam,
1740 4383 1774 4432 et
1790 4372 1919 4434 nonnisi
1938 4373 1972 4434 iu
1988 4371 2060 4434 dua-

525 4471 689 4554 explicare
707 4469 840 4532 tentarit
857 4467 999 4531 Lanzius
1018 4471 1154 4554 (Saggio
1169 4473 1207 4532 T.
1224 4473 1263 4537 ll.
1321 4495 1395 4536 rum
1415 4471 1544 4535 Siciliae
1561 4471 1688 4534 urbium
1706 4472 1813 4534 numia
1832 4473 1945 4557 reperi
1965 4471 2061 4554 scrip·

522 4572 667 4658 pluit),
703 4571 876 4655 aliquoties
905 4585 1081 4634 occurrunt
1108 4571 1265 4639 vocabula
1322 4589 1389 4639 tum
1413 4576 1445 4642 V
1467 4594 1528 4657 pro
1550 4569 1598 4637 A.
1625 4575 1741 4658 Neque
1766 4574 1870 4642 adhuc
1896 4575 1930 4638 in
1957 4573 2059 4642 nemis

392 4725 397 4742 .
522 4676 556 4736 in
576 4675 644 4736 (tat
665 4671 864 4750 desinentia,
891 4672 937 4734 sic
957 4685 992 4734 ut
1012 4695 1048 4733 ra
1067 4669 1111 4735 M
1136 4688 1262 4738 certum
1319 4680 1499 4764 scripturae
1510 4674 1710 4738 Graecorum
1722 4675 1972 4760 antiquissimae,
1985 4697 2059 4764 quo·

521 4776 684 4850 valorem,
701 4774 831 4859 qualem
845 4771 931 4859 apud
945 4773 1092 4854 Latinos,
1108 4773 1262 4854 obtineat,
1319 4801 1392 4844 rum
1416 4779 1533 4862 justum
1560 4775 1715 4840 hebemus
1738 4799 1927 4858 numerum,
1954 4781 2056 4844 simile
