4440 5550
442 417 513 492 111,
1047 387 1359 470 HONORIVS.

446 589 601 656 advocat:
640 577 921 648 ALEXANDER·
965 581 1067 658 capot
1090 577 1192 641 leonis
1248 583 1372 648 Verum
1387 547 1767 665 anproptemcerrum
1783 575 2012 666 hungtym.

447 677 1192 760 vallllssmm·1⁰·N·lHS·XPS·DEl·F·1·
1251 680 1390 746 convicii
1415 681 1449 742 in
1477 680 1677 743 Christianos
1701 699 1797 746 cansa
1818 681 1918 747 luisse
1945 703 2001 750 re·

448 789 559 861 LlVS.
576 789 799 865 Asr'nacops'te
815 775 1193 886 erectoygullsimlactnns.
1252 779 1405 866 pertuml
1428 783 1494 843 Cor
1511 801 1576 844 non
1592 783 1924 866 potiussymbolicuttt
1940 807 2000 874 pn·
2088 793 2096 807 ‘
2204 789 2205 810 ²

450 889 623 956 Emistimat
649 905 749 970 eques
769 885 954 960 Victorius,
986 881 1040 965 qui
1061 901 1194 942 numum
1252 897 1372 958 tamus,
1401 896 1435 944 et
1461 882 1513 946 ab·
1530 885 1610 969 ipsis
1633 885 1839 948 Christicolis
1864 888 1999 966 lectum,

453 991 572 1067 edidit,
610 988 643 1048 in
673 991 776 1052 sntica
806 984 946 1072 proponi
977 983 1195 1046 Alexandrum
1254 1003 1335 1080 qnos
1352 1005 1441 1046 suam
1461 987 1493 1044 in
1506 986 1669 1049 Christum
1687 987 1787 1052 fidem
1806 991 1903 1051 variis
1916 1007 2002 1072 syrn-

360 1155 366 1169 ,
456 1099 634 1168 Severum,
657 1089 711 1172 qui
727 1101 808 1152 teste
827 1085 1016 1170 Lampridio
1032 1084 1195 1147 Christum
1255 1083 1339 1146 holis
1358 1083 1621 1149 studiosioribus
1634 1089 1836 1170 erbressisss
1850 1092 1997 1154 constet!
2016 1085 2026 1098 ’

456 1193 568 1260 coluit.
613 1193 739 1274 'l'ypum
770 1207 902 1252 eversae
934 1189 973 1251 sd
1002 1186 1087 1250 idem
1119 1185 1198 1248 culti
1256 1185 1530 1269 Elusexemplnsr
1545 1190 1673 1251 unicum
1686 1193 2000 1270 ntootnmemorem,

455 1291 703 1366 [Christianis
725 1288 805 1352 asini
848 1291 971 1353 crimen
1010 1301 1112 1350 vocat.
1156 1289 1200 1346 At
1256 1305 1354 1368 saepe
1368 1289 1536 1352 Christum
1554 1291 1652 1373 piscis
1673 1292 1813 1374 imagine
1830 1293 2000 1356 adumbra-

457 1417 523 1484 quo
550 1398 577 1458 is
598 1391 692 1455 nobis
713 1405 806 1474 pacto
826 1392 967 1452 innomi
992 1389 1086 1472 bujos
1105 1399 1197 1472 perte
1255 1409 1354 1476 vere,
1376 1410 1435 1452 cur
1445 1391 1555 1453 istud?
1578 1392 1788 1474 quialiterae,
1804 1388 1999 1460 vocabulum

457 1497 562 1572 antica
605 1507 730 1558 certum
773 1483 993 1556 Alersndrum
1039 1491 1198 1554 Severum
1256 1484 1426 1565 ῙΧΘΤΣ,
1444 1497 1562 1572 piscis,
1584 1495 1834 1572 constituentes,
1858 1517 2003 1562 comno-
2068 1571 2072 1578 ,
2120 1541 2124 1548 -

458 1597 657 1686 praestabitl
701 1597 828 1656 Desunt
851 1613 964 1656 omnes
983 1593 1068 1654 tituli
1090 1594 1198 1672 Augu·
1258 1579 1301 1655 de
1321 1591 1602 1680 resolvipossnnt
1627 1595 1770 1672 ἱιιΙησυς
1792 1595 1912 1678 Χριςος
1939 1597 2003 1660 ele,

457 1701 539 1774 stei,
561 1685 600 1762 etl
619 1699 700 1760 baec
728 1697 836 1757 nullus
860 1707 964 1758 exstst
986 1694 1080 1778 hujus
1099 1694 1201 1776 impe·
1258 1691 1335 1768 Troe
1349 1691 1481 1773 Σωτηρ,
1503 1701 1595 1760 Iesus
1609 1701 1749 1762 Christus
1765 1704 1819 1763 des'
1830 1703 1920 1781 filius
1937 1724 2001 1766 m.

457 1800 577 1870 ratoris
604 1819 739 1876 numus,
770 1797 825 1882 qui
853 1809 948 1880 capot
977 1796 1069 1858 deret
1094 1795 1201 1856 leonis
1257 1807 1358 1858 octor.
1396 1797 1661 1880 Ergonetasinse
1683 1799 1922 1886 lectentlst'ypo
1943 1803 2000 1866 ali·

457 1905 548 1994 pelle
562 1913 695 1966 tectum.
741 1900 783 1959 At
801 1919 882 1963 vero
900 1897 1018 1959 multos
1044 1895 1200 1958 habemur
1257 1897 1333 1982 quid
1351 1911 1500 1982 poterant
1516 1901 1700 1982 significare
1716 1917 1827 1964 notum
1842 1902 1921 1978 sibi,
1942 1923 2002 1966 ne·

460 2002 690 2070 Contornintos
712 2017 785 2063 oum
812 1999 926 2062 esdem
959 1999 1055 2084 plane
1086 1998 1209 2072 antica,
1258 1998 1307 2060 bis
1329 1997 1486 2080 ignotum.
1530 2002 1595 2064 Sed
1613 2003 1747 2065 nimium
1773 2003 1829 2065 diu
1848 2004 1882 2064 in
1901 2007 2000 2072 unico

458 2109 493 2172 in
524 2125 585 2190 qus
617 2099 794 2166 Alexandri
822 2103 866 2164 Μ.
890 2099 1078 2164 Macedonis
1106 2111 1201 2183 ceput
1258 2120 1357 2164 numo
1383 2099 1563 2180 adhaereo,
1597 2119 1694 2186 quem
1721 2105 2001 2172 nullasnctoritss

459 2224 574 2272 omnes
595 2201 808 2286 agnoscimus.
839 2208 938 2297 Atqui
955 2213 1201 2276 mormannum,
1257 2202 1388 2287 publica
1421 2214 1549 2280 tuetur,
1586 2203 1644 2266 sed
1666 2203 1764 2268 facile
1795 2208 1940 2292 quisquis
1965 2209 2001 2274 iu

409 2345 415 2356 ·
457 2327 605 2394 magnam
616 2305 899 2372 Contorniatorum
918 2303 1202 2392 partemHonorio
1257 2304 1536 2390 pseudomonetas
1555 2320 1692 2389 gregem
1711 2306 1885 2391 ablegabit.
1915 2313 2003 2376 Bue-

456 2411 639 2496 impetente
661 2405 761 2468 luisse
785 2411 960 2492 signatam,
997 2407 1045 2468 sie
1067 2403 1200 2468 dubium
1257 2421 1407 2470 nsrrotus
1424 2409 1547 2472 veteris
1563 2407 1637 2471 vitri
1652 2409 1870 2490 fragmentum
1889 2411 2003 2489 edidit,

393 2552 398 2562 .
455 2533 524 2578 non
548 2509 693 2584 videtur,
716 2507 940 2576 victorianum
965 2507 1200 2569 huncunmmn
1257 2507 1292 2568 in
1308 2529 1373 2590 quo
1386 2506 1481 2572 lictus
1499 2508 1720 2572 exstateeinns
1731 2515 2036 2604 currenssefipw·
2123 2497 2138 2510 .

457 2611 623 2698 ejusdem,
646 2622 701 2674 snt
729 2609 855 2674 rininae
877 2627 950 2670 esse
968 2609 1100 2684 aetatis,
1123 2627 1201 2670 enn-
1255 2609 1345 2692 juxte
1363 2609 1518 2697 ASINVS
1535 2615 1579 2692 ¹),
1609 2629 1649 2674 ex
1673 2631 1738 2696 qno
1762 2612 1882 2676 iterum
1907 2637 2001 2702 eppa-

457 2715 599 2795 dsmqus
616 2709 760 2792 ohjicsrs
778 2707 990 2774 Macedoniae
1009 2727 1143 2793 regem,
1165 2719 1201 2771 et
1256 2725 1328 2788 ret,
1351 2711 1457 2776 varias
1480 2711 1582 2777 luisse
1606 2714 1815 2798 proponendi
1840 2715 1912 2799 ejus
1935 2719 2000 2782 sni·

457 2811 597 2900 perinde
612 2831 649 2874 sc
659 2811 929 2874 Contsrniatosiu
944 2811 1201 2895 pseudomonets
1256 2813 1351 2878 malis
1369 2807 1493 2878 chusan

456 2933 530 2980 esse
552 2911 746 2996 putendum,
777 2911 959 2994 cuicunque
980 2911 1100 2976 deiude
1126 2915 1200 2976 usai
1310 2947 1315 2958 ·
1539 2958 1558 2998 ,
1620 2912 1641 2951 ⁸
1702 2963 1722 3000 ,

455 3015 619 3082 ssrsierit.
641 3017 785 3078 hssrsss
802 3013 1052 3096 explicationem
1071 3013 1199 3092 iisdem,
1317 3015 1371 3078 De
1388 3013 1535 3098 pondere
1555 3016 1697 3080 Honor-ii
1717 3019 1875 3106 inscripto
1896 3023 2002 3088 Exh-

456 3117 574 3204 quibus
606 3135 704 3202 snpra
729 3114 961 3192 Tsainisnuut,
998 3117 1200 3201 argumentis
1255 3117 1377 3186 olvit.
1394 3115 1561 3195 sontntt,
1583 3115 1808 3205 similibusque
1825 3125 1897 3188 aliis
1912 3125 1999 3204 ride,

455 3239 589 3306 possam
612 3217 815 3304 impugnare.
857 3218 916 3292 dt,
946 3217 1094 3304 inquies,
1130 3219 1200 3304 ipss
1256 3237 1339 3302 qnae
1360 3217 1507 3284 dicemus
1523 3219 1558 3285 iu
1574 3235 1712 3288 tractatu
1734 3222 1777 3288 ds
1792 3227 1899 3292 onmis
1915 3227 2000 3293 inle-

457 3321 580 3390 Cbristi
603 3321 734 3384 aomina
759 3319 849 3403 juxta
878 3317 1035 3404 leguntur
1056 3335 1198 3388 exorata.
1254 3321 1355 3386 rionis
1369 3321 1453 3388 sesi.

1093 3637 1349 3704 pherme.

749 3834 855 3900 nursi
904 3878 1448 3903 ...........
1452 3915 1457 3924 ι
1491 3883 1500 3902 .
1542 3883 1551 3900 .
1596 3882 1605 3897 .
1649 3885 1658 3902 .
1701 3839 1739 3902 C.

750 3935 854 4001 Aurei
877 3957 961 4002 max.
982 3936 1058 4002 mod
1061 3977 1661 4006 ............
1704 3939 1836 4008 mum

788 4039 950 4103 Decumo
964 4038 1086 4118 insigni
1100 4057 1174 4104 cnm
1184 4037 1283 4104 seriis
1293 4040 1495 4104 ornamentis
1513 4039 1663 4126 parergis

794 4139 1044 4220 sgimnsvolJ.
1061 4141 1097 4202 iu
1114 4140 1366 4228 Prolsgomsuis
1383 4161 1455 4225 esp.
1472 4143 1543 4206 111.
1562 4147 1589 4220 ς.
1611 4143 1660 4208 ad.

748 4237 911 4319 Argentei
954 4281 1658 4310 ..............
1700 4247 1739 4310 C.

749 4339 908 4420 degentei
923 4361 1007 4403 msa.
1024 4341 1111 4404 mod.
1162 4386 1546 4410 ........
1589 4365 1599 4410 ·.
1642 4395 1653 4412 .
1695 4349 1768 4414 ltu.

750 4439 860 4504 nessi
873 4441 915 4506 ll.
929 4455 964 4504 st
980 4443 1035 4506 ut.
1057 4485 1602 4514 ...........
1636 4497 1657 4550 ⁸.
1699 4455 1739 4519 c,

488 4657 1100 4742 nnmennettvemonn.
1167 4677 1179 4690 ·

1871 4776 1886 4818 1
