4404 5564
519 601 567 680 w
1098 585 1484 663 annuunt

517 787 563 829 na
596 779 792 846 superous
818 756 937 844 figura
972 768 1083 834 stans,
1119 761 1156 822 iu
1185 749 1288 822 urea
1319 756 1388 820 nim
1405 749 1582 822 certiorem
1602 777 1656 821 me
1672 755 1949 822 tethimenem
1967 755 2065 820 Causi-

517 859 658 928 Ense.
677 865 714 925 in
727 869 984 942 monogramme.
1005 859 1075 920 ΔΕ.
1090 860 1146 944 111.
1317 880 1456 942 neryns,
1484 879 1600 926 numos
1622 859 1746 925 similes
1765 859 1926 944 reperiri
1941 879 2006 946 ¹per
2025 861 2064 920 Io·

456 995 462 1004 ¹
523 961 529 969 ’
579 968 627 1027 Ita
653 983 788 1026 numum
817 960 921 1024 musei
945 961 1178 1043 Cousineryani
1207 959 1262 1022 de·
1320 960 1416 1024 niam.

513 1065 626 1138 scribit
639 1065 805 1140 Sestinus,
828 1065 979 1146 (Lettere
994 1065 1086 1134 TN.
1101 1085 1134 1148 p.
1143 1062 1261 1142 LXV.)

514 1187 654 1250 eumque
674 1165 750 1228 huic
769 1164 862 1248 Epiri
879 1165 953 1248 regi
971 1165 1094 1230 tribuit.
1116 1165 1160 1226 Et
1176 1163 1261 1228 reri-
1489 1147 1527 1208 P·
1538 1161 1610 1209 20⁰·
1628 1145 1736 1209 ΝΜ·
1760 1145 1828 1208 lin·
1840 1143 1899 1209 ²3·

518 1270 625 1332 simile
658 1267 743 1328 istud
774 1279 915 1350 spectata
945 1279 1057 1327 natura
1087 1286 1258 1340 numerum
1381 1262 1482 1340 Vide,
1505 1282 1587 1349 quae
1605 1263 1646 1328 sd
1663 1265 1770 1347 metii
1788 1263 1965 1328 dicentur.

514 1391 632 1454 regum
651 1368 754 1452 E-piri.
775 1369 894 1430 Utrum
912 1387 992 1432 rcrc
1011 1385 1137 1429 errasse
1159 1363 1260 1429 conti·
1450 1422 1453 1428 .

510 1492 577 1535 nno
606 1470 713 1537 sideri
737 1468 854 1533 debeat
876 1467 1032 1550 Haymius
1056 1465 1200 1550 legendo
1225 1466 1260 1526 iu
1319 1449 1326 1454 ⁵
1493 1451 1532 1514 Ρ·
1546 1463 1618 1514 ²⁰2·
1638 1446 1743 1513 σθω·
1761 1449 1825 1512 lin·
1843 1469 1897 1512 ιἸ·

509 1593 609 1638 numo
629 1592 687 1635 suo
702 1565 1017 1646 ΕΤΠΟΛΕΜΟΤ,
1032 1587 1093 1653 pro
1111 1561 1260 1628 ΝἙΟΠ·
1380 1564 1587 1649 Singnlarem
1601 1566 1805 1651 epigraphen
1821 1561 1965 1639 TEBE,
1981 1561 2064 1624 omis

429 1745 433 1752 ,
510 1665 763 1743 ΤΟΛΕΜΟΤ,
786 1683 821 1732 nt
844 1668 929 1731 istud
951 1669 991 1732 ah
1014 1667 1193 1732 estfactum
1213 1667 1260 1729 di·
1317 1689 1352 1732 sa
1365 1668 1491 1732 scilicet
1505 1669 1652 1752 aspirata,
1670 1665 1953 1735 citatRicharslns
1963 1665 2061 1744 Payne

512 1789 601 1839 serte
638 1771 806 1857 praedicat
842 1770 1007 1848 Sestinus,
1043 1771 1261 1836 vehementer
1318 1791 1360 1834 ex
1393 1783 1585 1854 pervetusto
1622 1768 1825 1833 tridrachmo
1864 1767 1975 1832 musei
2011 1781 2061 1826 vau

509 1877 638 1940 dubito.
660 1875 742 1936 Nam
762 1871 933 1934 adcuratus
952 1870 1108 1952 Haymius
1126 1891 1260 1943 numum
1317 1873 1472 1950 Damme,
1496 1871 1530 1932 in
1551 1870 1642 1956 cujus
1664 1893 1727 1934 una
1748 1870 1836 1936 faeie
1862 1883 1918 1936 est
1940 1889 2010 1940 vas,
2030 1861 2058 1922 iu

513 2001 607 2042 suurn
624 1978 790 2059 integrum
803 1971 992 2056 profitetur,
1011 1971 1125 2056 (Tbes.
1142 1974 1201 2037 Br.
1219 1975 1259 2037 Τ.
1318 1971 1379 2035 alia
1397 1971 1588 2056 quadratum
1604 1975 1760 2037 incusum.
1784 1972 1940 2058 (Analyt.
1956 1971 2055 2047 Essay.

511 2079 689 2164 1³·'P·7ss·)
711 2081 807 2160 atque
825 2075 903 2139 isin
920 2085 1013 2158 parte
1029 2093 1144 2140 aversa
1159 2074 1238 2160 long
1316 2095 1350 2158 p.
1364 2072 1404 2138 25
1421 2088 1455 2138 et
1471 2079 1542 2157 um)

509 2182 575 2246 alio
595 2193 646 2244 est
664 2191 751 2262 typo.
1226 2213 1229 2218 ,

1398 2333 1400 2340 ,
1491 2263 1612 2342 Raoq.
1629 2261 1734 2325 cota.
1755 2260 1815 2324 liu.
1831 2259 1888 2324 23.

696 2368 739 2428 Ρ·
754 2364 823 2447 ¹37·
840 2363 945 2424 0⁰l·‘¹·
965 2357 1025 2424 lin·
1040 2376 1081 2442 7³
1378 2377 1590 2454 Aristoteles,
1609 2390 1645 2442 ut
1661 2377 1799 2446 Granius
1816 2389 1997 2450 memorat,
2014 2369 2055 2436 tir

569 2484 750 2548 Addendns
770 2484 865 2547 alius:
887 2475 1030 2544 ΛΕΤΚ.
1047 2481 1128 2564 Imp.
1146 2480 1257 2562 cupite
1312 2481 1445 2565 ingenio
1474 2492 1687 2564 praepotens,
1722 2492 1819 2564 atque
1850 2482 1888 2544 in
1919 2477 2055 2542 doctrina

511 2587 645 2648 radiato
664 2589 701 2649 in
718 2607 818 2648 curru
840 2584 995 2664 triumph.
1013 2582 1168 2644 adversus
1186 2600 1257 2642 occ·
1311 2583 1523 2666 praecipuus,
1555 2581 1737 2648 Minervam
1758 2603 1829 2646 esse
1853 2585 1969 2648 lunam
1990 2595 2055 2661 pro·

509 2697 564 2745 tus
588 2689 619 2747 d.
639 2685 808 2760 laureum,
833 2704 862 2746 s.
881 2683 1034 2763 globum,
1050 2681 1253 2745 Caracallae.
1312 2683 1473 2748 habilibus
1491 2684 1690 2767 argumentis
1704 2684 1861 2768 explieat,
1885 2698 1921 2751 et
1936 2681 2056 2746 literata

503 2787 609 2867 ,(Μιιι.
628 2805 713 2850 cnm.
736 2783 778 2848 de
798 2781 1006 2865 Sternherg.)
1313 2785 1503 2850 auctoritate
1518 2784 1727 2850 demonstrat.
1742 2788 1884 2872 (Arneb.
1899 2784 1974 2853 adt·
1986 2799 2054 2866 30¹¹·

1313 2887 1682 2971 mhffipmw)

819 2970 858 3030 P.
877 2969 946 3048 rhu.

573 3085 662 3182 Quid
684 3087 772 3173 qnod
795 3085 892 3150 etiam
914 3085 998 3166 sama
1020 3083 1100 3163 fuit,
1123 3084 1256 3149 Diome·
1444 3076 1565 3138 Rata.
1584 3075 1647 3139 col.
1659 3090 1690 3160 Β.
1701 3085 1780 3158 post
1798 3075 1858 3138 lin.
1872 3083 1927 3150 24.

506 3193 585 3255 dem
607 3187 859 3275 apricalidonii
890 3187 1006 3250 dentes
1036 3186 1121 3270 apud
1149 3189 1256 3250 Bene·
1374 3189 1553 3254 Confirmat
1569 3193 1724 3275 judicium
1740 3191 1826 3256 istud
1844 3195 1930 3258 datis
1949 3189 1988 3254 ad
2004 3203 2049 3246 me

506 3310 641 3361 sentum
658 3317 676 3357 a
692 3313 728 3357 se
743 3291 909 3356 conditum
926 3288 1111 3366 dedicasse,
1130 3309 1252 3374 eosque
1311 3291 1417 3356 literis
1451 3293 1493 3357 ci.
1516 3294 1753 3377 Cousineryus,
1782 3296 1838 3380 qui
1867 3295 1965 3378 prior
1994 3307 2050 3370 ope

508 3419 567 3460 suo
589 3396 693 3461 adhuc
710 3416 792 3462 aevo
811 3396 912 3458 fnisse
931 3403 1126 3457 monstratos
1144 3404 1255 3455 narrat
1310 3415 1483 3458 numerum
1505 3415 1654 3472 suorum,
1681 3417 1861 3482 eorumque
1883 3403 2050 3477 comperto

478 3569 483 3578 ⁸
506 3498 686 3582 Procopius
702 3497 931 3563 Caesariensis.
947 3491 1251 3578 (helitiatum.
1310 3497 1382 3558 solo
1397 3497 1511 3571 natali,
1533 3511 1601 3560 tum
1621 3511 1654 3562 et
1670 3498 1767 3564 obvio
1785 3499 1820 3560 in
1838 3497 1877 3562 iis
1896 3501 1962 3562 hcc
1978 3496 2052 3556 Per·

507 3621 534 3664 c.
558 3604 622 3682 15.)
1311 3602 1395 3682 garni
1410 3613 1687 3682 monogrammate
1704 3599 1779 3663 huic
1793 3599 1868 3663 urhi
1880 3599 2051 3664 restituen-

1309 3699 1369 3761 dos
1397 3699 1547 3781 conjecit.
1584 3701 1639 3762 Ait
1667 3702 1787 3765 iterum
1817 3700 1850 3762 in
1878 3692 2051 3784 posteriori

695 3785 1062 3866 P·¹⁰i·'001·2·lin.5'·
1310 3801 1415 3885 aliqua
1438 3802 1576 3884 epistola
1599 3801 1751 3866 edoctum
1774 3823 1809 3869 se
1832 3825 1850 3866 a
1871 3803 1946 3871 cive
1976 3817 2049 3884 quo·

567 3905 693 3972 Verum
722 3924 776 3966 me
801 3903 901 3968 fuisse
933 3924 1106 3989 augurem,
1140 3902 1251 3966 docuit
1309 3903 1382 3966 dam
1399 3903 1605 3980 Atheniensi,
1634 3925 1805 3968 rumorum
1829 3919 1981 3972 veterum
1998 3919 2052 3985 pt·

508 4021 658 4085 eventus,
685 4027 884 4091 nnmnmque
906 4006 993 4070 hunc
1014 4003 1251 4069 restituendum
1308 4005 1391 4083 rito,
1413 4005 1509 4090 hujus
1531 4006 1664 4090 generis
1685 4028 1800 4071 numos
1815 4029 1888 4073 »non
1909 4001 2048 4096 reperiri

483 4196 489 4204 ¹
507 4107 809 4196 Aegiraehchajae,
820 4107 947 4172 docebo
957 4107 1169 4192 infraadpag.
1179 4101 1250 4171 235.
1308 4107 1342 4168 in
1363 4127 1442 4191 agro
1463 4104 1584 4170 Attico.

605 4304 610 4314 '
681 4299 718 4360 Ρ.
736 4313 804 4378 sqq.
822 4294 886 4360 col.
902 4317 928 4356 ι.
947 4295 1008 4360 lic.
1022 4293 1073 4356 eh.
1310 4297 1427 4374 3217.
1443 4293 1543 4359 cohi.
1560 4292 1665 4359 ttae
1680 4309 1775 4378 post:
1796 4295 1822 4360 S
1828 4305 2047 4362 unxerunt·

568 4416 604 4481 Si
626 4429 718 4482 recte
738 4414 961 4499 conjeceram,
987 4433 1104 4479 numos
1127 4413 1249 4479 similes
1370 4413 1439 4478 Sed
1460 4415 1656 4480 Laurentius
1679 4413 1805 4499 Lydus:
1832 4418 1910 4500 (περι
1933 4415 2045 4492 Maro·

504 4519 656 4604 Erythris
671 4516 879 4595 tribuendos,
896 4539 980 4595 non,
996 4531 1035 4580 ut
1052 4517 1249 4582 Pellerinius
1307 4518 1340 4580 in
1361 4518 1449 4581 Maio
1467 4540 1536 4603 cap.
1549 4520 1600 4602 3.)

506 4635 672 4700 sanxerat,
701 4619 867 4706 Zephyrio
890 4619 1040 4698 Ciliciae,
1072 4641 1112 4684 eo
1142 4633 1249 4686 tamen
1368 4617 1517 4700 Ἠφαιςοι
1532 4635 1690 4700 τεσσαρες,
1707 4639 1822 4700 moeror
1836 4620 1980 4702 Occator,
2000 4643 2046 4680 aar

505 4743 657 4806 peccasse
680 4721 814 4798 videor,
844 4721 932 4806 quod
959 4722 1117 4806 Erythras
1142 4726 1249 4789 Boco-
1304 4719 1440 4805 Ἡμιριις
1460 4746 1558 4804 carae
1580 4725 1785 4800 Απολλωνος,
1810 4747 1863 4788 του
1886 4727 2046 4802 Aeetam

505 4829 585 4902 tiae,
612 4845 692 4909 prae
714 4822 824 4889 alteris
844 4822 954 4890 Ioniae
974 4811 1142 4891 malebam.
1172 4829 1250 4891 Ete·
1306 4825 1493 4911 ἅρχηγιιου.
