4404 5564
515 582 561 644 12
847 591 851 598 ·
1089 549 1478 626 ADDENDA

509 729 656 802 decidet,
678 748 740 814 qna
755 727 789 789 in
805 727 942 812 regione
961 725 1031 809 ejus
1044 723 1170 788 similes
1185 721 1252 784 ire·
1285 767 1293 782 .
1448 719 1487 780 P.
1500 731 1569 778 ron.
1586 713 1649 780 cot.
1665 725 1696 778 a.
1711 726 1798 798 post.
1815 715 1890 778 lin.
1907 712 1948 779 5.

509 832 660 918 quentius
678 831 897 912 reperiuntur.
1108 863 1111 872 ·
1539 853 1565 916 3
1585 852 1609 914 1
1631 850 1662 914 G
1683 847 1721 913 Ν
1742 851 1761 913 1
1778 853 1825 914 A·

706 1016 745 1078 P.
759 1011 811 1098 96.
831 1013 892 1075 ool.
908 1034 934 1072 ι.
953 1012 1014 1074 lta,
1029 1019 1060 1084 4,
1372 981 1570 1051 Volscorum
1587 981 1667 1045 urba
1680 979 1933 1044 mediteranee.

570 1137 608 1196 I'n
627 1133 711 1196 alios
733 1133 856 1198 amnt.
875 1133 981 1196 Bono.
1008 1129 1081 1194 ΔΕ.
1096 1131 1150 1192 111.
1179 1124 1252 1210 (Se-
1377 1125 1487 1204 Caput
1500 1103 1680 1197 Mercurii,
1699 1139 1781 1202 prae
1798 1137 1869 1199 quo
1890 1117 2083 1181 caducam

415 1263 420 1274 ·
510 1235 587 1300 atini
603 1233 785 1318 Descript.)
1207 1285 1212 1293 ,
1312 1220 1466 1316 ΞδΕΙρ.
1496 1224 1616 1304 Cupito
1633 1221 1741 1286 Sileni
1764 1233 1804 1283 et·
1821 1223 1912 1303 apri
1937 1222 1980 1280 in
2006 1213 2085 1278 Ιαηί

1312 1345 1433 1387 morem
1452 1323 1639 1402 conjuncto.
1660 1321 1732 1388 att.
1748 1321 1805 1388 lv.
1827 1323 1945 1396 (Mus.
1967 1317 2080 1378 Princ.

569 1423 608 1483 P.
620 1421 672 1502 98.
692 1418 754 1480 col.
772 1437 797 1478 ι.
817 1417 874 1479 lira
890 1435 920 1497 7.
941 1425 1018 1496 post
1035 1415 1050 1475 i
1053 1421 1191 1494 guero.
1308 1423 1354 1488 ,te
1377 1423 1565 1506 waldene)

573 1538 750 1601 indicatum
764 1534 844 1598 mihi
858 1534 973 1610 serius,
987 1530 1073 1594 istud
1091 1546 1255 1612 eumpro-
1375 1524 1571 1611 Inquirenti,
1600 1543 1696 1606 quem
1719 1523 1900 1606 praeclaro
1930 1519 2017 1580 huic
2041 1515 2081 1578 ci·

413 1679 415 1684 .
505 1635 956 1704 iiteriinDissertationede
973 1632 1258 1696 renumm.Etru·
1313 1629 1413 1692 melio
1439 1627 1595 1710 patriam,
1633 1627 1741 1688 locum
1769 1622 1897 1686 deinde
1929 1620 2078 1682 natalem

510 1761 641 1805 acorum
654 1740 748 1803 dictis
760 1735 1017 1819 Paralipomenis
1029 1733 1172 1816 adjecta3
1189 1751 1256 1793 nou
1314 1729 1562 1805 constituerem,
1581 1747 1675 1790 causa
1689 1723 1919 1808 inscriptionis
1934 1721 2077 1782 Latinae

511 1863 611 1927 ergo,
636 1855 672 1904 ut
693 1840 775 1903 dixit
793 1836 952 1912 Lanzina,
973 1835 1008 1895 in
1033 1834 1112 1918 ipsis
1135 1831 1256 1924 Parali-
1312 1830 1409 1895 facile
1431 1849 1620 1913 persuasum
1641 1827 1719 1904 fuit,
1741 1839 1795 1888 aut
1817 1819 2074 1909 respiciendam

509 1943 677 2028 pomeais,
706 1962 814 2027 neque
840 1961 873 2023 p.
895 1938 971 2020 176,
1001 1935 1060 1998 sed
1086 1937 1162 2012 154,
1193 1933 1259 1996 nisi
1313 1929 1952 2016 ltaliam,antgeneratimliomnnornni
1965 1941 2075 2006 qnam·

509 2047 597 2110 forte
615 2045 677 2108 alia
699 2044 770 2126 ejus
787 2039 898 2126 operis
917 2037 1060 2102 editione
1079 2057 1155 2099 usus
1174 2049 1234 2100 eat.
1312 2033 1398 2120 piam
1420 2030 1590 2096 coloniam.
1619 2029 1726 2092 Urbes
1741 2027 1923 2090 nonnullas
1942 2024 2072 2088 Italicas

1141 2139 1144 2144 ’
1314 2134 1410 2198 etiam
1429 2146 1542 2216 postea
1561 2153 1654 2216 quam
1672 2131 1706 2190 in
1723 2131 1957 2192 Romanorum
1982 2138 2072 2208 pote·

830 2226 869 2290 P·
884 2225 936 2305 93·
1314 2248 1430 2298 statem
1450 2254 1593 2309 venere,
1615 2247 1711 2318 atque
1730 2229 1787 2294 bas
1807 2232 1898 2294 inter
1918 2227 2069 2294 colonica

574 2348 672 2432 Fugit
689 2366 761 2421 me,
783 2366 856 2409 cnm
875 2345 957 2408 hoec
977 2339 1175 2417 scriberem,
1198 2361 1255 2400 nu·
1314 2357 1444 2421 quoque
1462 2349 1565 2398 stante
1580 2335 1750 2418 republica
1764 2335 1804 2398 lt.
1822 2333 2001 2416 propriam
2019 2329 2070 2388 ba

390 2462 392 2471 “
511 2473 582 2514 mua
597 2448 778 2512 Tudertem
794 2460 979 2531 argenteus,
995 2464 1093 2528 quem
1110 2444 1152 2506 cl.
1163 2442 1258 2504 Com·
1312 2437 1422 2501 ¹buisse
1440 2449 1620 2513 monetam,
1635 2435 1711 2498 satis
1728 2447 1862 2498 constat.
1885 2433 1969 2496 Fuit
1989 2432 2067 2492 baec

512 2554 585 2614 bina
609 2571 650 2613 ex
671 2548 875 2610 Hunteriano
905 2546 1056 2628 vulgavit.
1088 2545 1185 2626 (Tnb.
1205 2545 1256 2608 br.
1314 2540 1973 2620 ieretantumaenea,·rerumcomperta
1992 2549 2068 2616 quo

514 2675 601 2714 num.
626 2651 697 2712 xil.
734 2653 840 2730 Guput
873 2647 990 2710 Sileni.
1023 2642 1046 2704 [i
1075 2646 1256 2712 TVTERE
1315 2662 1379 2728 que
1394 2654 1564 2726 argentee,
1581 2639 1642 2704 etsi
1659 2661 1732 2703 rara
1747 2637 1932 2718 admodum.
1957 2633 2065 2698 Hube-

471 2759 475 2767 '
512 2749 736 2835 retrograde.)
753 2747 884 2827 Aquilo
901 2757 995 2809 stans
1009 2751 1166 2828 expensis
1181 2751 1258 2812 olis.
1315 2765 1387 2806 mus
1411 2763 1452 2804 ex
1474 2740 1537 2804 boc
1559 2743 1692 2804 metallo
1708 2763 1824 2806 numos
1841 2741 1994 2824 insignes
2013 2734 2067 2797 nl-

513 2851 609 2924 Haud
632 2849 729 2911 dubie
750 2868 867 2908 numus
887 2845 1133 2924 Amadutinnun,
1160 2867 1258 2930 quem
1315 2844 1376 2906 bae
1397 2843 1593 2922 Fucentiae,
1622 2843 1761 2929 quaein
1782 2843 1898 2906 Marsis
1921 2843 2010 2916 sita,
2033 2849 2064 2898 et

516 2947 1040 3031 hoclococitari,ejusdemcum
1054 2949 1257 3013 Hunteriano
1314 2947 1536 3009 Romanorum
1566 2949 1700 3028 insuper
1724 2945 1852 3009 colonia
1872 2944 1947 3010 suit.
1990 2941 2063 3032 Quo

386 3083 391 3094 ·
516 3069 566 3119 est
587 3067 733 3116 naturae.
768 3049 879 3112 Serius
901 3048 935 3110 in
957 3049 1156 3110 simillimum
1180 3051 1257 3114 alte·
1316 3067 1379 3131 ego
1395 3060 1482 3110 tutus
1500 3049 1652 3132 exemplo
1670 3069 1736 3110 non
1752 3046 1908 3122 dubitem,
1925 3061 2061 3108 numum

514 3177 604 3232 rum,
631 3155 685 3239 qni
707 3151 809 3216 estin
830 3171 944 3214 museo
965 3150 1013 3217 ill.
1029 3150 1121 3217 Com.
1138 3152 1257 3231 Vitzai,
1316 3148 1358 3214 de
1377 3170 1441 3234 quo
1467 3150 1608 3233 agimus,
1630 3149 1785 3212 adserere
1807 3147 1968 3233 signatum
1992 3144 2062 3226 Sig-

515 3259 591 3322 eatis
604 3255 725 3320 affabre
741 3255 860 3318 factum
874 3251 984 3332 incidi,
999 3273 1113 3340 verum
1127 3255 1155 3316 is
1168 3255 1257 3337 juxta
1314 3251 1399 3328 niae,
1420 3259 1501 3336 quie
1520 3253 1581 3315 fuit
1595 3264 1749 3336 pervetus
1765 3252 1964 3318 Volscorum
1984 3247 2061 3312 urbs

514 3374 610 3445 ceput
625 3355 729 3422 Sileni
746 3354 845 3419 offert
862 3355 1041 3440 globulum,
1059 3355 1259 3419 manifestam
1317 3354 1427 3437 etjam
1445 3377 1463 3418 a
1480 3355 1658 3440 Tarquinio
1676 3353 1827 3438 Superbo
1845 3351 1987 3418 deducta
2010 3367 2061 3413 co-

514 3462 628 3525 unciae
650 3473 775 3536 notam,
796 3477 834 3522 eo
853 3459 949 3542 plane
971 3459 1119 3543 geminus
1140 3471 1190 3522 est
1207 3479 1259 3522 ae·
1316 3454 1413 3520 lenia.
1454 3458 1618 3542 Scriptum
1649 3456 1809 3520 SEle'c
1838 3475 1899 3539 pro
1929 3453 2060 3518 SlGnio

514 3563 659 3639 necilli,
678 3560 1020 3644 quemArigoniusin
1038 3559 1264 3626 Miscellancia'
1316 3577 1382 3620 non
1407 3573 1566 3643 repugnat
1591 3557 1762 3643 perpensis
1787 3557 1847 3632 iis,
1871 3579 1955 3642 quue
1985 3553 2057 3622 Vol·

516 3666 582 3728 suis
594 3663 737 3728 Tabxl.
752 3686 784 3728 n.
795 3667 847 3728 52.
859 3663 982 3746 pictum
998 3661 1097 3726 dedit.
1119 3667 1150 3725 ls
1166 3685 1258 3746 ergo,
1316 3659 1357 3724 V·
1379 3681 1412 3743 p.
1428 3663 1469 3744 75
1491 3661 1533 3726 dc
1549 3663 1563 3723 l
1580 3661 1732 3745 ἁρχαϊκως
1749 3660 1784 3720 in
1800 3661 1845 3720 EI
1862 3673 1986 3723 mutato
2005 3656 2060 3720 ob·

517 3766 572 3853 qui
588 3786 720 3828 numum
735 3765 822 3826 hunc
835 3764 925 3828 nolet
941 3762 1117 3846 genuinum
1132 3779 1257 3849 putore,
1316 3761 1526 3826 servavimus.
1554 3761 1737 3823 Permissus
1759 3759 1929 3824 feriendae
1948 3780 2058 3824 mone·

454 3913 458 3932 .
517 3868 711 3950 comprobet
732 3865 846 3941 etium,
871 3863 970 3927 urbes
992 3865 1116 3928 Italicae
1137 3885 1257 3929 nenenc
1315 3873 1366 3923 tae
1385 3864 1538 3947 propriae
1559 3877 1594 3928 et
1611 3863 1741 3948 quidem
1757 3862 1853 3927 etiam
1870 3864 1903 3926 in
1921 3875 2057 3950 argento

518 3987 661 4055 qnoque·
680 3987 756 4031 suae
789 3980 939 4030 monetae
969 3967 1136 4032 unciarum
1166 3981 1258 4030 notas
1314 3961 1411 4026 facile
1434 3979 1543 4048 potest
1569 3965 1677 4048 repeti
1703 3965 1743 4028 nb
1766 3964 1968 4050 indulgentia
1993 3969 2057 4028 Ro·

517 4070 715 4156 impresisee.
742 4070 859 4152 Neque
879 4067 1089 4145 dubitavero,
1113 4084 1147 4132 et
1165 4070 1260 4132 Ama·
1316 4083 1485 4128 manorum
1511 4069 1545 4130 in
1572 4067 1655 4130 banc
1679 4067 1858 4145 coloniam,
1894 4069 1985 4152 cujus
2009 4064 2057 4130 illi

517 4172 698 4248 dotianurn,
721 4183 755 4233 ct
770 4171 1009 4234 Hunterianum
1025 4193 1159 4234 numum
1177 4173 1260 4255 ojus·
1317 4164 1417 4230 iidem
1434 4182 1518 4234 testo
1536 4168 1685 4254 pluribus
1703 4169 1785 4234 locis
1802 4170 1887 4235 Livii
1904 4171 2057 4236 difficilli-

519 4275 594 4338 dem
621 4295 694 4338 esse
715 4287 865 4349 naturae,
883 4277 947 4335 etsi
968 4271 1111 4336 adstituti
1136 4272 1261 4357 globuli
1319 4268 1458 4333 miscuis
1473 4270 1674 4355 temporibus
1689 4271 1849 4335 sinceram
1869 4288 1964 4359 atque
1981 4295 2056 4338 con·

517 4399 583 4442 non
603 4377 660 4440 fiat
674 4377 813 4453 mentio,
836 4375 893 4459 qui
908 4374 994 4438 forte
1013 4375 1117 4438 minus
1135 4377 1262 4458 conspi-
1318 4383 1455 4436 stantem
1472 4388 1546 4437 sunt
1563 4373 1702 4458 experti.
1725 4373 1815 4438 Haec
1834 4389 1869 4438 nt
1890 4389 1965 4438 sunt
1983 4395 2055 4460 pro·

519 4501 599 4544 cuns
620 4479 788 4566 utriusque
811 4477 930 4544 eruditi
954 4475 1124 4563 praeconis
1146 4477 1259 4540 oculos
1315 4471 1435 4538 bubilia
1459 4497 1554 4555 sane,
1580 4491 1675 4563 etque
1698 4475 1866 4560 expedita,
1889 4481 1936 4542 cic
1959 4479 2054 4563 plane

519 4584 653 4667 sugerit.
1317 4573 1470 4655 difficile,
1486 4593 1600 4664 etque,
1617 4593 1653 4642 nt
1670 4579 1749 4641 mihi
1762 4579 1929 4657 rideatur,
1948 4573 2055 4644 otium

1315 4700 1383 4752 ror,
1401 4679 1491 4756 miri,
1510 4681 1565 4764 qni
1585 4701 1729 4754 eremum
1749 4697 1902 4765 occupat,
1920 4680 1986 4767 typi
2009 4705 2057 4746 ra·

1314 4779 1436 4846 tionem
1463 4784 1616 4850 reddere.
1657 4785 1816 4848 Nimirum
1847 4783 1951 4848 defuit
1982 4785 2055 4848 huic
