4422 5546
426 398 478 484 86
941 375 1405 466 cottstltvvltvvs
1440 373 1489 448 M.

423 590 528 664 jueta
544 582 632 646 olias
647 579 732 640 duos
745 577 903 657 supplices
914 577 1012 655 fiees'a
1026 577 1161 656 genibus
1167 597 1183 650 ‚·
1240 565 1311 648 ejus
1344 561 1476 638 aetatis,
1507 560 1541 622 in
1570 581 1632 648 qua
1660 580 1786 638 sumus,
1825 579 1891 624 oon
1923 577 1990 628 est.

429 689 508 748 hino
521 681 738 764 florioslsnms'
751 681 1045 753 remedorum,
1067 696 1109 738 eo
1118 695 1206 759 qua·
1239 669 1314 730 Non
1344 665 1501 730 auderem
1530 662 1696 727 diversum
1728 663 1891 727 sentires
1915 668 1987 732 viro

434 808 522 872 aqua
531 784 681 866 monuit,
703 782 953 855 mercandisant,
977 783 1052 840 indo
1073 782 1182 852 torris,
1240 770 1398 837 maximae
1416 767 1450 829 in
1477 765 1614 830 scientia
1636 781 1748 830 nostra
1776 767 1989 848 auctoritatis,

434 892 471 950 s'n
489 891 558 966 ipso
570 885 702 964 flumine
721 885 807 942 duae
822 900 921 942 noves
937 900 1008 942 oron
1025 875 1188 960 verniges·¹
1215 875 1304 937 ”nisi
1318 873 1476 937 fateretur
1501 868 1589 953 ipse,
1612 867 1683 962 aliis
1699 889 1830 954 quoque
1852 891 1989 934 numum

436 991 542 1063 tibus,
564 991 599 1048 in
619 990 705 1048 imo:
727 979 960 1050 nstvvvtve
1004 982 1071 1042 stt.
1087 1000 1181 1064 prae·
1242 995 1334 1039 suum
1361 975 1465 1038 visum
1485 969 1586 1034 fuisse
1614 983 1816 1055 suspectum,
1848 993 1988 1057 quorum

402 1157 405 1170 Ι
437 1086 570 1172 grandis
587 1085 720 1152 moduli.
745 1087 847 1168 (idos.
865 1081 975 1161 Caes.)
1017 1123 1019 1128 .
1241 1069 1361 1139 deinde
1379 1075 1499 1158 judicia
1515 1085 1550 1136 ot
1561 1074 1752 1150 refelleret,
1773 1095 1992 1160 nequaqnam,

500 1191 552 1252 De
574 1189 625 1250 his
646 1187 767 1264 numis,
791 1183 1185 1271 quiahivtorismjuvsnt,
1241 1177 1329 1266 quod
1355 1177 1539 1240 iaciendum
1571 1177 1710 1239 maxime
1737 1177 1861 1256 fuerat,
1894 1199 1995 1262 argu·

315 1317 318 1326 ·
439 1291 581 1354 curatius
593 1288 776 1385 «agendum.
819 1284 948 1348 Primus
973 1307 1105 1348 numum
1132 1284 1184 1347 his
1241 1279 1992 1364 meotisafabricapetitisabsolverenumum

426 1393 581 1456 'similem
607 1404 682 1454 ante
707 1411 807 1453 annos
831 1387 917 1450 bene
938 1387 1077 1463 multos,
1100 1387 1185 1448 soili-
1233 1383 1418 1457 laboravit,
1454 1381 1512 1445 sed
1546 1380 1687 1465 probare
1716 1403 1891 1466 aggressus
1927 1400 1992 1466 est,

437 1507 493 1558 cet
516 1497 614 1579 1559,
638 1490 742 1554 edidit
757 1491 966 1556 Sebastianus
986 1489 1127 1552 Erineos
1144 1490 1185 1571 ⁸).

438 1597 524 1659 Eum
542 1595 662 1658 reticet
680 1595 773 1658 Occo
792 1594 880 1658 inter
898 1611 1014 1654 numos
1031 1593 1186 1654 Condan-

436 1697 499 1758 tini
521 1695 636 1758 nostri.
679 1695 788 1758 Alium
813 1694 853 1757 ab
870 1694 1048 1756 Erizziano
1073 1713 1186 1774 parom

306 1831 313 1846 ν
437 1795 605 1862 diversum
622 1796 710 1860 inter
728 1817 845 1859 numos
863 1816 938 1860 suos
950 1794 1083 1859 exhibet
1093 1793 1188 1856 Oise·

336 1969 338 1976 ,
379 1949 383 1960 .
438 1899 571 1982 tiusb),
601 1919 697 1982 qoem
726 1898 846 1962 deinde
872 1897 905 1958 in
929 1900 1113 1981 catalogum
1139 1917 1191 1958 su·

441 2023 495 2064 om
527 2001 567 2063 ad
599 2021 717 2064 annum
745 2003 783 2062 P.
805 2000 847 2063 X.
878 2001 943 2064 328
972 1999 1100 2084 recepit
1121 2001 1190 2062 Me·

440 2103 635 2180 dioharhus,
676 2116 729 2175 et,
770 2102 902 2177 nescio,
941 2121 1007 2187 quo
1045 2113 1189 2176 auctore,

441 2197 574 2269 aureum
595 2207 806 2287 pronunciat,
845 2227 917 2268 cum
943 2219 1052 2267 tamen
1079 2204 1191 2265 metal-

439 2308 509 2369 lum
528 2318 634 2370 tacest
649 2305 805 2372 Oiselius.
835 2306 1085 2372 Mediobarbum
1104 2305 1191 2369 haud

442 2405 540 2470 dubie
571 2409 713 2476 indicem
745 2425 875 2476 secutus
906 2410 1076 2472 Baldinius
1103 2409 1191 2470 inter

416 2531 559 2578 aureos
581 2511 631 2574 illi
661 2513 770 2574 locum
796 2509 895 2572 dedit.
939 2511 1123 2573 Bandurius
1155 2509 1191 2570 id

439 2633 545 2696 genus
570 2631 686 2674 numos
709 2613 780 2694 ipse
805 2631 872 2673 non
896 2611 996 2690 vidit,
1025 2633 1190 2698 unumque

441 2727 560 2775 testem
586 2711 837 2776 Medioharbum
859 2716 1013 2798 appellat.
1065 2718 1189 2778 Eorum

440 2814 544 2896 igitur
568 2811 650 2874 fides
669 2812 772 2896 major
792 2833 858 2876 noo
885 2827 952 2893 est,
975 2837 1070 2900 quam
1093 2839 1205 2903 quan·⁹

439 2929 506 2980 tam
530 2927 697 3002 praestare
722 2916 884 2997 possimus
902 2920 1114 2997 ant'Erizzo,
1137 2934 1192 2983 aut

440 3013 589 3095 Oiselio,
627 3031 680 3080 aut
704 3018 930 3084 Mediobarbo.
974 3021 1063 3083 lstud
1095 3021 1192 3086 adiic-

441 3142 532 3185 mare
558 3140 709 3204 possum,
739 3143 872 3185 numum
895 3143 936 3185 ex
964 3123 1015 3185 his
1039 3125 1194 3202 alterum,

1245 1485 1487 1551 Constantinum
1507 1484 1645 1567 perinde
1671 1498 1767 1569 atque
1785 1486 1862 1548 olim
1882 1491 1997 1573 Traja-

1243 1607 1321 1649 num
1336 1587 1499 1669 lapideum
1518 1587 1551 1648 in
1567 1589 1650 1649 istro
1661 1601 1794 1670 pontem
1811 1587 1921 1655 lacere
1933 1617 1996 1674 po·

1245 1695 1362 1765 tuisse,
1376 1688 1471 1772 quod
1488 1708 1585 1750 nemo
1601 1690 1783 1771 negaverit.

1309 1791 1478 1874 suspectis
1498 1792 1599 1875 igitur
1619 1793 1736 1854 horum
1756 1813 1928 1858 rumorum
1947 1807 2000 1860 te-

1247 1892 1407 1955 stimoniis
1426 1893 1571 1956 nondum
1595 1893 1750 1956 adsentiri
1775 1897 1925 1980 cogimur
1939 1919 1995 1962 au·

1247 1994 1389 2061 ctorituti
1427 1997 1583 2059 chronici
1625 1994 1858 2076 Alexandrini,
1905 2001 1997 2083 quod

1247 2097 1286 2160 ad
1305 2119 1422 2162 annum
1445 2101 1483 2162 P.
1500 2103 1542 2164 X.
1569 2099 1633 2161 aaa
1658 2098 1782 2173 refert,
1813 2101 1998 2165 Constanti·

1247 2219 1323 2262 num
1350 2206 1466 2264 iterem
1487 2225 1527 2265 oc
1543 2205 1673 2282 saepius
1688 2204 1871 2263 Danubium
1891 2215 1995 2268 tresve·

1247 2295 1409 2384 pressa'm,
1439 2315 1472 2366 et
1488 2314 1618 2384 pontem
1641 2308 1676 2366 in
1700 2325 1737 2366 eo
1765 2308 2004 2394 carlom!

1245 2406 1365 2484 secisse
1387 2404 1535 2490 (qepugav
1553 2405 1707 2486 histrus),
1737 2419 1792 2468 eut
1820 2406 1996 2492 Theopha-

1248 2505 1298 2566 nis
1327 2504 1416 2568 idem
1446 2507 1606 2569 narrantis
1629 2505 1696 2588 d),
1722 2520 1756 2569 et
1785 2507 2001 2594 sntis¹inepte

1247 2607 1367 2670 factum
1393 2609 1480 2671 istud
1501 2609 1563 2692 jam
1589 2630 1673 2672 anno
1696 2607 1885 2692 imperantis
1912 2614 1997 2675 Con·

1249 2711 1531 2788 sranttnijxxl1.,
1561 2710 1626 2792 jam
1657 2713 1776 2778 xxiv.
1811 2712 2002 2798 adfigentis'.

1248 2814 1363 2875 Pontis
1402 2813 1524 2896 lapidei
1560 2814 1717 2876 molimen
1762 2816 1794 2874 in
1834 2817 1999 2897 Danubio,

1250 2927 1385 2998 quantos
1399 2915 1432 2975 io
1443 2918 1566 2980 Moesia
1580 2913 1669 2994 ssuit,
1692 2917 1793 3000 majus
1810 2932 1878 3000 cst,
1901 2942 1997 3006 qnam

1249 3032 1285 3083 ut
1298 3017 1452 3082 suilicere
1469 3019 1508 3081 ad
1531 3019 1631 3082 iidem
1648 3023 1907 3106 extorquendam
1923 3046 1999 3108 pos·

1250 3121 1292 3185 sit
1314 3120 1501 3185 chronicon
1527 3135 1574 3183 tot
1601 3125 1697 3206 nugis
1728 3126 1918 3209 naeniisque
1945 3145 2003 3190 re·

440 3243 538 3306 quem
562 3243 603 3284 ex
628 3242 742 3285 museo
767 3225 928 3290 Caesareo
953 3224 1113 3300 indicavi,
1144 3225 1193 3290 ol·
1249 3224 1382 3288 fertum.
1424 3221 1468 3284 Et
1480 3244 1564 3290 vero
1581 3225 1608 3286 si
1625 3227 1652 3287 is
1668 3245 1770 3309 opere
1782 3229 2002 3295 caementicio

441 3325 534 3388 ferre
565 3318 685 3401 multa,
717 3346 799 3410 quae
832 3341 1017 3409 suspectum
1039 3327 1191 3408 reddunt,
1249 3331 1329 3406 fuit,
1352 3347 1488 3390 necesse
1500 3341 1597 3405 esset,
1620 3327 1690 3411 ejus
1708 3329 1873 3417 hodieque
1889 3333 2001 3415 aliqua

439 3441 494 3491 aut
516 3429 624 3510 potius
644 3427 741 3511 plane
761 3429 998 3506 condemnant,
1028 3433 1089 3495 etsi
1107 3453 1193 3498 mer-
1250 3448 1380 3496 exstare
1399 3431 1554 3512 vestigia,
1585 3444 1621 3494 ot
1639 3445 1765 3496 exstant
1786 3436 1895 3519 pontis
1917 3439 1999 3500 Tra·

439 3549 512 3594 cem
533 3551 574 3593 ex
593 3533 742 3594 Romano
766 3522 1052 3600 carthusianorum
1075 3519 1191 3601 museo
1249 3536 1314 3618 jani
1343 3533 1470 3596 duobus
1509 3532 1583 3596 iere
1622 3535 1761 3600 saeculis
1799 3539 1999 3616 vetustioris,

438 3634 610 3697 advectam
634 3635 847 3719 probaverint
875 3637 948 3700 ltali
980 3637 1051 3721 ejus
1077 3639 1196 3703 aetatis'
1248 3661 1331 3726 quae
1350 3642 1464 3700 'tumen
1489 3635 1596 3700 adhue
1617 3659 1678 3722 per
1707 3659 1837 3703 omnem
1858 3641 1928 3724 ejus
1952 3641 1999 3704 al·

439 3737 634 3823 antiquarii,
665 3751 699 3800 et
721 3735 836 3815 video,
865 3738 1089 3806 Froelichium
1111 3761 1190 3826 quo·
1247 3763 1345 3808 veum
1372 3753 1539 3825 comperta
1563 3761 1629 3804 non
1658 3756 1743 3810 sunt.
1798 3743 1884 3808 Novi
1907 3745 1999 3828 eqni·

440 3861 506 3926 que
531 3843 628 3905 ineo
654 3839 866 3926 adprobando
899 3841 1002 3907 fuisse
1029 3843 1193 3908 difficilio-
1250 3843 1342 3922 dem,
1385 3843 1631 3906 Constantinum
1676 3843 1709 3905 in
1750 3846 1867 3909 Rheno
1911 3847 1999 3932 apud

439 3965 511 4008 rem
538 3945 579 4024 ο).
622 3945 738 4028 Neque
762 3943 926 4008 mitiorem
948 3960 1096 4008 meretur
1116 3965 1194 4009 oen·
1250 3947 1465 4033 Agrippinam
1497 3959 1632 4030 pontem
1662 3947 1827 4034 lapideuhs
1851 3955 1937 4016 anoo'
1958 3954 2006 4015 P..

440 4066 549 4108 suram
559 4045 597 4120 is,
622 4045 1056 4127 quemexPelleriniostiti.
1079 4048 1192 4110 Enim·
1247 4051 1289 4114 X.
1308 4051 1370 4116 3ιο
1395 4047 1563 4124 molitum,
1600 4047 1641 4112 de
1665 4049 1756 4134 cujus
1782 4053 1920 4116 veritate
1942 4055 2003 4118 du·

437 4163 521 4210 vero
543 4143 712 4206 literarum
742 4146 776 4206 in
806 4165 848 4209 eo
872 4147 997 4225 forms,
1037 4150 1064 4212 si
1090 4150 1191 4215 modo
1248 4152 1345 4215 bituri
1363 4153 1493 4238 nequit,
1519 4173 1592 4216 cum
1614 4152 1702 4216 istud
1725 4153 1857 4220 adserat
1878 4159 2009 4221 Eume—

442 4248 571 4334 pictura
606 4242 785 4328 archetypo
816 4251 1015 4329 respondet,
1047 4252 1191 4316 Neronis
1248 4257 1321 4320 nius
1356 4257 1389 4319 in
1427 4258 1647 4344 panegyrico,
1693 4279 1791 4346 quern
1832 4261 2000 4346 praesenti

441 4365 496 4418 sut
526 4350 602 4413 hoio
639 4347 783 4412 vicinum
811 4367 928 4413 sevum
957 4355 1058 4436 sapit,
1097 4368 1190 4421 certe
1249 4360 1460 4426 Constantino
1486 4362 1613 4427 dixerut
1634 4365 1675 4448 e).
1715 4366 1758 4426 At
1784 4384 1849 4452 quo
1874 4381 2007 4450 tempo·

434 4500 1991 4538 Ἠξ-ψ--ι--ι-ι

419 4595 428 4614 ‘
476 4587 508 4643 at
526 4579 667 4639 Discorso
686 4597 775 4660 sopra
794 4578 823 4640 le
838 4577 915 4640 med.
934 4601 963 4658 p.
981 4583 1047 4647 567.
1120 4584 1155 4657 b)
1175 4587 1251 4646 Τὼ.
1269 4599 1312 4654 tt.
1389 4595 1418 4670 e)
1435 4593 1538 4656 Cimel.
1558 4593 1692 4660 Vindob.
1706 4598 1792 4660 Parte
1806 4599 1843 4660 ll.
1858 4619 1889 4678 p.
1904 4595 2003 4660 XXV.

442 4667 478 4746 d)
497 4670 528 4731 in
549 4668 807 4750 chronographis.
883 4673 914 4750 e)
934 4673 1075 4758 panegyr.
1096 4675 1162 4744 vn.
1182 4675 1248 4760 esp.
1269 4691 1312 4748 t3s
