4476 5564
559 407 636 494 Du
671 405 1040 486 TRIBVNITIA
1071 403 1444 484 POTESTATE.
1705 425 1775 507 diss

238 601 272 662 P.
292 597 331 661 X.
353 591 415 660 add
436 588 613 674 arripuisse
629 589 824 674 imperium,
854 591 988 681 cerepi,
1037 587 1170 668 nolunt,
1201 603 1255 656 snt
1277 609 1405 654 mecum
1427 589 1595 668 ooniiteri,
1617 596 1700 660 benc
1722 619 1780 686 1¹⁰·

237 711 311 766 runt
333 692 612 777 chronologorum
635 691 844 775 peritissimi,
866 704 899 754 et
920 712 980 756 nos
1037 704 1187 756 testatem
1214 706 1288 758 ante
1316 693 1438 756 exitum
1459 691 1574 765 notulis
1596 691 1697 764 fuisso
1719 701 1780 762 ite-

238 823 311 868 rum
340 797 424 874 illis,
455 809 491 857 ut
520 795 661 860 diximus
687 793 720 856 ia
748 807 878 862 monete
900 797 982 863 Tre·
1037 807 1140 858 retem
1162 795 1237 858 suni
1258 795 1430 880 principio.

237 901 378 968 boniani.
408 899 608 982 Contingero
631 893 718 958 istud
740 895 845 958 sarius
867 913 981 958 mense
1103 898 1259 962 Ceterum
1274 897 1375 960 nolim
1391 896 1486 980 bujus
1503 917 1597 962 mese
1613 897 1781 966 doctrinae

239 1013 386 1089 Augusto
408 1021 474 1064 non
496 999 658 1086 potuisse,
681 997 779 1060 docet
802 995 981 1063 Tillemon·
1016 995 1136 1067 'iidem
1160 995 1201 1060 sd
1222 1011 1337 1062 numos
1361 998 1519 1076 Gallieni,
1547 1013 1581 1062 et
1606 1001 1780 1088 inscriptos

237 1109 300 1170 ὼ,
317 1109 363 1188 ι),
392 1122 452 1166 nos
480 1100 514 1160 in
542 1119 661 1166 annum
685 1113 860 1174 exeuntem
883 1099 982 1161 disto·
1037 1099 1088 1164 bis
1110 1100 1290 1174 tribunatus
1312 1100 1487 1186 explorari.
1524 1103 1606 1167 Nam
1629 1119 1703 1167 aunt
1726 1083 1789 1169 bo:

238 1208 345 1270 limus.
389 1205 505 1268 Fuisao
542 1199 727 1265 Gallienum
755 1201 826 1281 iem
863 1200 995 1264 eodem·
1037 1223 1111 1264 rum
1140 1220 1207 1263 nors
1234 1203 1344 1284 pauci,
1373 1203 1408 1264 in
1437 1201 1553 1287 quibus
1581 1207 1684 1288 juncti
1705 1227 1797 1272 cum.

147 1299 152 1306 ’
239 1311 303 1373 boo
325 1329 409 1376 anno
431 1305 507 1368 trib.
526 1315 685 1388 potestste
709 1301 846 1388 perinde
868 1323 906 1367 ac
928 1323 982 1384 pa·
1037 1299 1103 1367 illis
1140 1303 1324 1368 consulatue
1360 1324 1431 1367 eam
1468 1318 1580 1388 aperte
1619 1321 1781 1374 evertunt.

238 1425 322 1472 tram
367 1405 566 1492 praeditum,
609 1417 741 1488 preater
783 1403 981 1468 tribunatum
1039 1403 1128 1498 Quid
1149 1405 1273 1490 igilur?
1297 1427 1335 1468 aa
1358 1405 1499 1472 cessabis
1522 1405 1672 1471 fallacem
1693 1425 1782 1478 tuem

237 1515 345 1588 xvh,
378 1515 434 1596 qni
456 1511 527 1594 ejus
549 1504 835 1592 postremus-luit,
865 1519 898 1569 et
926 1527 983 1568 ne·
1038 1509 1206 1595 aspernari
1233 1509 1443 1586 sententism,
1475 1523 1508 1572 et
1529 1511 1683 1593 amplecti
1705 1510 1783 1574 elte-

236 1613 380 1680 oesserio
410 1617 443 1672 in
474 1633 591 1672 annum
630 1609 670 1676 V·
701 1609 738 1670 C.
771 1625 845 1669 roas
885 1608 981 1686 cadit,
1022 1607 1133 1673 'remi
1163 1615 1232 1674 lmo
1255 1629 1375 1673 veroa
1399 1607 1784 1694 malleo,utsjunt,ad

167 1751 171 1758 ·
237 1707 468 1800 probet'etiam
486 1709 836 1786 marmorllurstorii,
865 1709 981 1792 inquo
1038 1710 1200 1776 incudem.
1237 1711 1367 1774 Etenim
1386 1713 1487 1796 altere
1507 1731 1637 1796 quoquc
1654 1727 1784 1776 senten-

236 1811 325 1878 idem
354 1815 534 1882 tribunatus
560 1814 633 1894 Vll.
655 1809 809 1876 tribuitur
831 1823 895 1878 tem
917 1815 982 1880 Vs·
1038 1813 1082 1886 tia
1106 1833 1181 1876 eum
1203 1813 1236 1875 in
1260 1815 1392 1877 modum
1423 1813 1539 1876 iisdem
1561 1812 1656 1880 nodis
1678 1814 1783 1896 impli-

236 1916 381 1993 leuiano,
425 1937 520 2007 quom
563 1913 714 1978 Gallieno
739 1910 783 1996 ¹³).
828 1912 981 1976 Eundem
1039 1928 1146 1991 catur,
1175 1915 1783 2002 utejuapetronusBandurioapro-

236 2038 354 2081 annum
384 2019 426 2088 V.
457 2021 494 2084 C.
530 2033 604 2078 ross
644 2015 745 2078 inisse
778 2031 980 2100 postremum
1038 2015 1124 2078 literi
1148 2037 1213 2080 non
1236 2038 1311 2080 rsro
1334 2033 1486 2101 cogetur,
1508 2021 1569 2080 hor
1586 2017 1706 2083 illosve
1725 2039 1785 2078 nu·

235 2119 397 2197 Gallieni,
420 2132 452 2184 ot
474 2119 615 2205 primurn
638 2117 781 2192 claudit,
811 2130 899 2202 potat
920 2117 984 2186 eti·
1038 2138 1110 2179 mos
1137 2117 1227 2182 festio
1254 2135 1366 2202 aperte
1395 2139 1591 2206 repugnare.
1633 2119 1725 2204 Ergo
1748 2135 1783 2182 ct

235 2243 286 2286 eto
315 2241 358 2286 er
390 2239 450 2296 eo,
481 2218 570 2308 qood
600 2238 684 2282 anno
714 2219 865 2302 proximo
888 2218 981 2283 Clan-
1035 2218 1099 2302 ipsi
1127 2221 1234 2296 numi,
1264 2219 1415 2282 nimirum
1446 2223 1530 2283 mela
1561 2221 1684 2284 sinceri
1712 2221 1782 2306 ejus

141 2307 148 2314 ⁸
236 2321 308 2385 dius
341 2341 435 2385 mora
468 2322 663 2405 plerumque
695 2335 833 2406 recepto
866 2321 981 2388 conoul
1038 2321 1111 2384 sevi
1150 2333 1267 2396 testes,
1311 2323 1572 2405 experimentum
1612 2322 1781 2408 praebent,

235 2423 408 2508 processit.
455 2424 594 2487 Caecum
637 2422 822 2489 Gallienum
867 2441 979 2484 menso
1038 2445 1132 2508 quam
1155 2423 1263 2488 nullus
1286 2424 1386 2498 ordo,
1408 2425 1497 2490 nulla
1519 2424 1602 2487 ratio
1623 2424 1657 2496 in
1679 2423 1781 2488 leriu-

140 2551 146 2563 ·
236 2525 373 2602 Martio,
402 2539 551 2590 tenemus
574 2547 614 2588 ex
637 2523 825 2602 Trebellio,
848 2524 902 2608 qui
924 2543 981 2587 no·
1037 2523 1127 2596 ribus
1158 2525 1256 2586 etiarn
1288 2523 1387 2587 rebus
1419 2527 1599 2610 imperante
1629 2523 1780 2590 Gattteno

234 2625 378 2692 noKel.
404 2625 722 2712 opitulaturum
748 2625 981 2692 nrbemCleu·
1037 2625 1231 2690 constiterit.
1254 2618 1387 2717 ·.Qunre
1431 2637 1503 2688 cum
1550 2627 1781 2690 dissidentibus

235 2727 282 2790 dii
305 2727 345 2791 ad
366 2729 539 2811 imperium
570 2727 677 2791 erecti
707 2727 861 2792 nuncium
883 2727 981 2811 signi·
1037 2725 1185 2812 aliiselii
1207 2727 1317 2812 legem
1347 2747 1451 2790 nucem
1473 2727 1570 2791 facile
1594 2745 1781 2814 sequantur,

234 2828 366 2914 flesse).
411 2833 454 2898 Vt
474 2831 564 2893 nomi
587 2829 726 2893 Romani
747 2828 898 2894 Gallieno
925 2828 981 2892 lui·
1035 2843 1072 2896 et
1100 2849 1215 2892 eornm
1246 2831 1358 2914 iniquo
1390 2827 1516 2894 calculo
1547 2831 1779 2917 qualiscunque

234 2931 338 2995 buont
358 2931 539 2998 tribunatus
562 2933 667 3010 XVI„
696 2931 743 3004 sio
765 2929 981 3006 Alexandrini
1034 2931 1099 3004 ‚atta
1120 2930 1279 2994 sententia
1301 2950 1405 3016 aeque
1425 2931 1571 3007 laboret,
1593 2953 1657 2999 non
1679 2936 1782 3016 patiar

232 3039 336 3100 annos
357 3036 406 3109 Is.
751 3020 757 3032 “
1033 3056 1056 3102 e
1077 3053 1152 3096 meo
1175 3053 1228 3103 me
1251 3033 1414 3110 instituto,
1436 3035 1703 3119 praecedentium
1722 3038 1782 3098 int·

297 3139 348 3198 Ex
376 3135 443 3213 bis,
473 3155 555 3218 quaa
583 3135 682 3202 morlo
712 3132 980 3198 commemorari·
1035 3149 1224 3224 peretorum
1255 3135 1362 3204 nurnir
1398 3149 1464 3200 tam
1498 3137 1600 3200 nitido
1629 3157 1781 3218 compro·

233 3255 323 3310 rnna,
354 3250 457 3318 pater,
489 3237 586 3296 etiam
615 3237 648 3306 in
675 3236 830 3300 Gallieno
860 3236 979 3302 isllere
1034 3235 1111 3298 bato
1141 3235 1320 3314 dimoveri,
1351 3237 1528 3320 praecipue
1561 3261 1635 3310 cum
1665 3239 1781 3302 adser-

235 3357 351 3399 eorum
382 3337 593 3412 sententium,
634 3337 690 3420 qui
719 3337 819 3401 natali
848 3335 980 3418 imperii
1036 3337 1128 3400 seriis
1143 3337 1233 3400 nullu
1249 3341 1333 3401 ratio
1350 3353 1481 3422 praesto
1500 3341 1557 3416 sit,
1581 3341 1780 3405 tribunatum

234 3437 384 3501 iteratum
405 3435 481 3506 seih.
503 3449 698 3521 potestatem
721 3437 853 3504 docent.
895 3437 996 3508 ΝΜ
1034 3439 1214 3508 lineum
1233 3439 1380 3504 doctrine
1397 3461 1452 3504 sua
1469 3443 1676 3508 conciliandi.
1720 3446 1781 3507 Co·
1900 3517 1904 3526 ,

229 3541 263 3604 si
284 3539 398 3603 natalia
420 3539 474 3601 bic
492 3539 556 3608 fuit
578 3559 689 3602 mense
711 3541 860 3620 Augusto
881 3537 921 3602 V·
942 3539 978 3606 C.
1035 3551 1143 3604 torum
1158 3559 1295 3604 necesse
1312 3561 1377 3603 non
1394 3557 1442 3606 eat
1455 3558 1630 3628 repetere,
1653 3545 1709 3630 qui
1722 3567 1779 3619 nu-

239 3643 317 3705 soob
348 3643 384 3703 P.
415 3641 455 3707 X.
486 3642 564 3719 253,
596 3642 671 3707 trib.
702 3653 844 3724 potestus
873 3639 978 3713 XVL,
1036 3642 1080 3702 nti
1106 3641 1243 3724 singulis
1269 3644 1440 3703 sententiis
1465 3658 1519 3706 eut
1548 3646 1693 3719 obstent,
1724 3643 1779 3710 atil

234 3765 329 3832 quam
361 3743 503 3806 Gallieni
541 3743 632 3805 numi
667 3743 830 3821 offerunt,
869 3739 979 3822 coepit
1035 3741 1174 3807 i'areent.
1217 3743 1368 3827 Eoeego
1390 3745 1682 3809 locosuosuntmn
1703 3767 1778 3808 cunt

229 3835 359 3916 ,eodem'
384 3865 498 3909 menae
529 3847 569 3912 V.
600 3845 638 3907 G.
664 3866 740 3908 sous
771 3843 809 3906 P.
839 3841 880 3903 X.
904 3839 983 3908 nou.
1035 3843 1116 3921 lide,
1148 3858 1182 3908 et
1209 3845 1417 3910 adornatione
1447 3867 1489 3908 ex
1521 3847 1691 3928 catslogis,
1722 3849 1778 3930 qui

235 3949 359 4014 Verum
371 3950 541 4012 Gallienus
554 3959 706 4016 mortuns
720 3947 782 4032 ianr
801 3958 871 4008 erut
888 3963 977 4006 men·
1035 3947 1231 4010 sinceriores
1253 3949 1314 4013 risi
1337 3963 1425 4027 sunt,
1447 3949 1616 4033 congessi,
1636 3959 1674 4022 ¹ut
1694 3947 1777 4014 adeo

235 4072 270 4115 aa
292 4053 411 4116 Martio
431 4051 586 4135 ,ejusdem
613 4051 706 4126 enni,
736 4069 800 4134 qno
827 4061 988 4132 tempore,
1036 4048 1138 4112 cuivis
1169 4049 1266 4112 facila
1296 4049 1354 4129 sit,
1391 4071 1449 4114 eoa
1481 4072 1555 4114 cum
1585 4071 1777 4138 quecunque

234 4155 412 4218 secundnm
442 4174 500 4220 eos
531 4153 683 4220 currabst
705 4154 775 4236 ejas
796 4151 977 4215 tribunstus
1031 4150 1162 4214 libitum
1175 4151 1277 4216 inerit
1292 4157 1452 4218 sententie
1468 4155 1680 4220 contendere.
1703 4157 1778 4226 Nou

232 4257 305 4328 PXV.
349 4259 440 4341 Ergo
457 4272 493 4325 ut
512 4279 626 4321 eorum
646 4256 794 4320 doctrina
812 4255 977 4331 consistet,
1031 4253 1778 4342 uidetorboclocovreticendum,Chamiilan
1849 4325 1851 4332 ¹

235 4373 457 4436 necassaest,
480 4373 534 4422 sut
554 4361 726 4442 imperinm
742 4358 900 4435 Gallieni,
922 4364 977 4421 aut
1027 4355 1111 4430 ,darn
1124 4359 1157 4420 in
1172 4357 1417 4435 dissertatione,
1438 4384 1520 4449 quea
1538 4373 1588 4426 est
1604 4342 1638 4421 in
1652 4361 1777 4424 Memo-

100 4477 110 4496 =
228 4459 306 4540 ,ejus
323 4473 463 4529 mortam
476 4461 611 4544 longius
632 4461 786 4539 differre,
802 4460 895 4548 quod
913 4461 977 4546 ipsi
1033 4461 1090 4525 riis
1112 4462 1396 4534 Treroltieaaibus
1418 4463 1578 4531 Novemb.
1600 4481 1679 4546 ¹7¹⁹
1701 4481 1775 4546 pag,

261 4675 302 4743 a)
321 4675 353 4730 iu
372 4637 639 4742 Treboniamnola
658 4672 709 4734 lli.
809 4675 845 4746 b)
865 4675 933 4752 Peg.
951 4677 1014 4742 460.
1034 4685 1060 4742 5.
1154 4683 1191 4751 n)
1213 4682 1243 4737 iu
1262 4679 1369 4741 Claud.
1390 4703 1415 4741 c.
1433 4647 1517 4746 4.·
