4430 5568
510 447 587 524 DE
628 443 937 522 LEGIONIB.
978 440 1053 516 ΕΤ
1094 443 1411 522 COHORTIB.
1447 529 1456 548 ι
1640 465 1756 548 Μ.

121 680 126 691 .
188 629 245 716 qui
272 625 312 692 ad
343 628 422 692 haee
449 625 599 714 ambigua
634 627 836 696 enucleanda
864 646 931 692 om·
988 624 1168 690 celatorum
1197 627 1231 690 iu
1267 627 1385 692 iirdem
1415 627 1548 693 Antonii
1584 629 1729 696 denariis

190 717 265 818 nsem
302 749 434 816 operum
472 729 621 792 contulit.
672 728 777 811 Hujua
814 727 932 793 incerti
988 727 1049 791 trie
1073 727 1165 810 cigna
1190 730 1350 813 rimplicia
1373 730 1504 793 incertia
1534 733 1665 795 coronio
1695 745 1731 796 et

189 851 304 900 caueae
316 831 509 916 praecipuae
525 844 617 908 aunt,
639 829 805 917 ciraquod
822 819 941 895 aucto'
986 829 1117 894 uatium
1139 833 1254 892 roatria
1272 828 1380 894 offert.
1424 831 1551 895 Cohorn
1568 835 1732 916 praetoria

189 955 243 1000 rea
262 948 389 1000 tereret
405 947 629 1016 argumentum
648 931 734 993 irtud
752 952 793 995 ex
811 951 932 1017 propo·
987 930 1021 992 in
1045 929 1151 993 nautia
1173 931 1398 1018 Philipporum
1427 933 1639 998 Macedoniae
1669 936 1732 1001 tria

188 1035 252 1118 aito
276 1055 439 1118 nunquam
464 1049 537 1096 aunt
553 1033 734 1116 persecuti,
757 1033 827 1096 aire
843 1027 931 1122 qno'd
989 1033 1082 1114 rigna,
1096 1033 1256 1120 aimplicia
1272 1033 1334 1095 aihi
1350 1031 1483 1098 addidit.
1527 1038 1563 1098 ln
1580 1033 1731 1119 elegant'e

190 1135 279 1200 varia
302 1149 408 1200 aetate
431 1136 541 1199 rariua
563 1133 625 1198 suit
651 1133 819 1216 tignorum
844 1157 931 1202 uana.
990 1153 1153 1197 marmore
1173 1134 1320 1209 literato,
1344 1135 1429 1216 quod
1452 1149 1526 1222 post
1543 1134 1623 1198 alica
1636 1135 1733 1200 aden·

191 1239 292 1300 Tecta
310 1235 419 1298 Plinio
434 1239 463 1320 ⁸)
485 1250 617 1319 praeter
638 1233 778 1318 aquilam
799 1235 936 1299 ordiner*
989 1234 1090 1296 ratiut
1113 1233 1215 1296 edidit
1245 1235 1288 1299 ci.
1314 1233 1483 1317 Cajetanut
1510 1237 1668 1301 Marinio·
1689 1237 1732 1321 d),

188 1335 285 1402 etiam
305 1337 477 1402 anteitere
504 1335 590 1418 lapi,
621 1335 814 1411 Minotauri,
846 1336 932 1422 equi,
989 1333 1187 1398 exhibentur
1218 1334 1283 1399 duo
1314 1335 1406 1418 cigna
1437 1337 1596 1422 aintplieia
1629 1357 1732 1424 opere

191 1439 278 1522 apri,
309 1437 368 1501 ced
392 1439 528 1502 ethaeo
553 1433 694 1499 atracio
717 1437 812 1520 plane
831 1437 932 1502 iuiate
989 1434 1171 1518 anaglypho
1196 1435 1319 1502 affabre
1338 1434 1520 1515 elaborata,
1550 1437 1731 1523 quibusin-

188 1527 309 1602 abolita
334 1539 421 1602 idem
453 1533 635 1624 profitetur.
695 1538 855 1603 Animalia
882 1561 934 1605 ae·
989 1535 1083 1599 ierne
1109 1536 1318 1622 inscriptum:
1351 1535 1496 1601 COHora
1512 1540 1565 1600 111.
1588 1541 1731 1606 Phaeto-

187 1639 256 1703 riua
280 1659 410 1702 ruraunr
427 1641 527 1722 tignia
545 1638 644 1702 suinae
664 1638 772 1716 illata,
795 1661 860 1704 nort
878 1641 932 1704 ad·
988 1641 1057 1714 ria,
1080 1651 1114 1699 ut
1128 1639 1211 1701 adeo
1232 1637 1371 1702 dubitari
1385 1657 1449 1699 non
1469 1638 1591 1720 poerit,
1614 1641 1732 1706 cohor,-

187 1741 250 1820 dit,
272 1739 358 1806 iatud
382 1755 489 1803 tamen
507 1740 561 1802 alii
583 1739 653 1804 cite
672 1757 840 1819 auctores,
862 1743 931 1806 aitte
987 1739 1029 1801 tit
1058 1737 1141 1800 iilud
1168 1758 1239 1803 erae
1270 1740 1409 1822 tignum.
1429 1743 1437 1761 ⁸
1459 1739 1536 1800 Noti
1563 1739 1731 1820 caligulae

186 1855 396 1906 monumenta
414 1841 537 1910 diterte
560 1841 690 1906 docent.
726 1833 850 1908 Narrat
866 1843 931 1927 Ap·
986 1841 1077 1902 numi
1095 1861 1167 1903 cunt
1185 1839 1382 1926 epigraphe:
1400 1838 1728 1906 antocvttoctt·

185 1943 300 2028 piantur
317 1941 367 2025 l²),
398 1941 522 2022 legioni
543 1945 584 2012 V.
610 1942 652 2007 ob
676 1944 811 2006 relatam
836 1963 931 2025 egre·
986 1943 1135 2006 Hortlom
1146 1956 1284 2026 quatuor
1299 1941 1417 2004 militet
1427 1939 1588 2005 adstantes
1601 1940 1738 2022 aiatunt,

185 2046 272 2130 giam
293 2043 335 2108 de
365 2043 527 2129 Scipionis
558 2043 740 2131 elephantie
771 2045 804 2106 in
838 2043 929 2108 helio
986 2062 1122 2124 quorum
1147 2042 1406 2127 quirienquiiam
1426 2056 1540 2126 geatat.
1586 2044 1729 2130 Eripuit
1845 2043 1850 2052 ’

184 2145 341 2212 Africano
366 2143 534 2210 victoriam
559 2141 668 2210 datum
691 2167 711 2208 e
735 2146 798 2211 tul.
815 2149 930 2214 Caete-
986 2161 1068 2224 ergo
1080 2158 1226 2208 veterum
1238 2143 1595 2230 monumentiaprobari
1609 2163 1729 2228 nequa·

185 2267 244 2324 re,
266 2259 303 2308 nt
320 2243 487 2328 elephanti
512 2243 582 2328 ejna
596 2257 706 2310 errent
722 2245 863 2328 legionis
883 2250 929 2310 in·
986 2264 1080 2326 qnam
1099 2258 1223 2330 potent,
1245 2245 1364 2310 vexilla
1386 2245 1472 2309 inter
1486 2245 1670 2310 cohortium
1688 2247 1730 2311 ci·

183 2347 308 2434 rignia,
341 2344 440 2430 idq'ue
461 2368 517 2410 aaa
541 2345 647 2412 adhuc
671 2361 779 2411 aetate
803 2347 931 2412 obtine·
986 2366 1048 2430 gna
1063 2343 1175 2412 iniere.

188 2471 254 2526 re„
281 2446 441 2511 Animalia
474 2449 553 2512 varii
590 2449 721 2532 gatteria
760 2449 840 2526 alia,
874 2462 930 2512 aut
1050 2447 1177 2514 Venilia
1208 2446 1241 2508 in
1272 2444 1416 2529 equitatu
1446 2465 1577 2532 quoqne
1616 2446 1730 2526 tuisse,

188 2550 286 2616 etiarn
307 2548 437 2612 numina
456 2548 556 2636 ipiaac
574 2551 674 2636 signia
690 2549 850 2636 praelixa,
873 2548 930 2612 tlo-
986 2545 1150 2609 exiatimat
1175 2547 1215 2612 cl.
1239 2546 1271 2608 le
1298 2549 1406 2622 Beatt,
1434 2561 1468 2610 et
1496 2549 1620 2633 aliquot
1641 2549 1731 2615 istud

185 2665 263 2718 cent
284 2673 340 2728 ea,
365 2669 447 2733 quae
469 2650 537 2714 dixi
553 2653 594 2714 ati
613 2674 730 2716 namot
746 2649 928 2728 viminacii,
986 2649 1147 2730 exemplia
1166 2646 1381 2734 comprobare
1404 2649 1518 2710 nititur
1533 2653 1581 2729 e),
1610 2647 1730 2734 qnihua

184 2773 224 2819 ac
240 2752 417 2838 praecipue
438 2751 479 2812 ad
501 2752 700 2834 legionario·
712 2751 855 2816 Gallieni
872 2773 930 2814 nn·
985 2747 1107 2814 addere
1128 2769 1258 2834 portum
1285 2761 1380 2816 notoa
1400 2748 1541 2810 Neroni·
1566 2752 1729 2833 equestria

183 2874 270 2931 moa,
301 2867 460 2937 atquae,
491 2855 553 2916 etti
574 2854 639 2918 hue
661 2853 863 2940 pertineant,
885 2871 928 2916 ne
985 2849 1190 2914 decursionis
1219 2870 1354 2932 numne,
1384 2849 1418 2910 in
1448 2848 1565 2936 quibua
1592 2852 1729 2940 equite·

184 2955 318 3038 longior
337 2953 416 3027 aim,
439 2973 504 3014 non
532 2967 659 3042 repeto.
703 2957 827 3024 Tamen
849 2975 928 3038 quaa
984 2972 1051 3013 nou
1081 2949 1157 3013 raro
1188 2953 1344 3015 vexillum
1375 2948 1577 3032 praeierant.
1620 2954 1731 3018 Etiam

184 3055 327 3142 legionis
357 3067 465 3139 parter
487 3054 569 3118 haec
601 3054 693 3136 rigua
721 3056 927 3134 anteiterint,
984 3052 1175 3115 Floreaium
1206 3055 1240 3116 in
1271 3053 1330 3116 hac
1363 3050 1463 3113 initae
1494 3055 1655 3118 cententio
1681 3055 1729 3122 vi·
1780 3061 1788 3071 “

182 3177 250 3221 non
275 3156 352 3218 aetia
380 3169 516 3219 constat.
561 3153 723 3220 cohorter
749 3177 807 3220 ana
829 3155 928 3220 habu·
984 3155 1048 3220 deo
1066 3151 1105 3238 ¹).
1130 3151 1297 3248 Quidquid
1307 3153 1389 3230 erit,
1412 3149 1497 3214 istud
1514 3167 1658 3233 eertum,
1681 3156 1731 3218 in·

186 3258 252 3321 itae
272 3257 381 3338 tigna,
410 3278 451 3320 ex
475 3253 642 3322 reterihtta
664 3254 795 3336 quidem
818 3255 928 3322 docuit
984 3255 1327 3320 wrtoanmtavexilli
1349 3268 1426 3336 typo
1448 3257 1728 3350 totnmtaepele·
1823 3285 1829 3296 ·

183 3357 227 3424 cl.
246 3356 279 3420 le
298 3359 388 3420 Beata
405 3358 455 3439 c),
486 3355 545 3419 ced
566 3355 623 3438 qni
650 3371 765 3428 eornm
787 3356 927 3418 sormam
985 3356 1115 3438 gionem
1136 3356 1349 3421 intellectam.
1393 3353 1449 3416 Sic
1466 3353 1500 3414 in
1519 3357 1630 3416 ‘numia
1649 3360 1730 3422 cte.

183 3476 248 3521 non
274 3457 460 3521 ediderant.
511 3455 651 3537 conjicit
673 3451 776 3533 idem,
812 3455 929 3519 cohor·
985 3467 1193 3538 aaraugnatae
1213 3476 1274 3539 pro
1302 3456 1408 3544 aquila
1427 3467 1595 3542 comparet
1625 3443 1760 3520 rarii-⁶

183 3573 236 3624 tea
266 3557 395 3626 vexillia
422 3557 524 3624 iuiaee
560 3554 736 3622 dictinctos.
800 3558 926 3626 Verum
983 3556 1071 3642 lump
1103 3554 1136 3615 itt
1159 3557 1266 3617 nnmic
1284 3555 1425 3632 Daciae,
1454 3553 1645 3632 viminacii,
1665 3558 1732 3621 Da·

181 3673 412 3747 praeterquam
441 3655 530 3746 quod
560 3657 587 3718 ir
613 3675 690 3718 ntcx
716 3655 801 3720 inira
824 3655 928 3722 rexil·
984 3655 1101 3731 marci,
1132 3641 1282 3731 Sidonis,
1310 3657 1409 3738 Tyri,
1445 3655 1638 3736 Rhcaaenae
1669 3656 1727 3722 ha·

181 3764 215 3829 la
241 3781 316 3826 cum
360 3761 505 3846 equitata
541 3757 793 3849 communicat,
818 3757 927 3820 numia
983 3753 1043 3820 ber
1060 3755 1204 3833 vexilla,
1227 3756 1343 3846 quibua
1359 3754 1514 3840 inscripta
1532 3770 1606 3821 runt
1626 3759 1732 3848 legio·

182 3859 548 3951 aliirqnetnonumentie
566 3858 651 3923 iatud
676 3879 741 3922 rton
757 3855 928 3923 coufirma-
983 3877 1060 3924 nttm
1091 3857 1240 3934 nomina3
1280 3855 1372 3917 numi
1401 3856 1619 3930 ,Ptolemaidie
1653 3881 1730 3944 qua·

183 3979 246 4030 tur.
277 3968 328 4028 ·In
356 3961 499 4028 denariis
527 3963 574 4026 Μ.
606 3961 740 4028 Antonii
773 3961 928 4024 cohorter
986 3973 1061 4022 tuor
1078 3951 1230 4022 offerunt
1241 3957 1381 4034 vexilla,
1404 3957 1521 4040 quibne
1536 3961 1730 4043 inscriptum

183 4067 370 4152 praetoriae
399 4063 521 4128 hahent
543 4064 681 4148 aquilam
703 4061 870 4134 interduo
889 4061 931 4124 ai·
985 4064 1041 4134 Vl.
1065 4063 1119 4126 lx,
1141 4061 1180 4122 X.
1200 4063 1256 4124 xt.
1286 4059 1423 4124 totidem
1451 4060 1603 4124 nimirum
1626 4061 1730 4145 legio·

186 4187 250 4250 gna
268 4167 426 4252 simplicia
444 4166 671 4242 courtitutatn,
693 4180 729 4231 et
747 4164 828 4227 nihii
843 4161 928 4230 adeo
987 4183 1065 4225 nunt
1079 4162 1220 4228 numeri.
1263 4163 1354 4247 Ergo
1373 4162 1406 4224 in
1426 4163 1578 4226 omnihua
1594 4162 1646 4225 hir
1661 4184 1730 4228 nto·

184 4268 338 4352 epectatia
360 4270 411 4331 hia
438 4268 540 4352 tignis
569 4266 727 4333 differunt
755 4268 846 4352 cigna
876 4285 931 4330 co·
986 4263 1150 4328 numentia
1176 4261 1332 4334 vexillum
1352 4263 1478 4349 aquilae
1500 4262 1610 4328 locum
1634 4283 1730 4328 occu·

182 4367 328 4434 hortium
343 4391 363 4431 a
376 4369 477 4452 riguit
492 4369 669 4453 legionum.
713 4369 840 4433 Cohora
857 4388 931 4452 apa·
986 4367 1092 4452 parit,
1113 4365 1163 4430 nti
1183 4383 1379 4432 accurerao
1397 4365 1508 4450 paullo
1529 4387 1627 4450 cupra
1647 4363 1730 4430 ridi·

218 4599 250 4664 a)
269 4595 301 4655 L.
320 4595 357 4654 X.
375 4599 402 4669 i.
422 4607 449 4662 5.
512 4594 557 4670 h)
576 4595 613 4654 da
630 4595 702 4656 hell.
722 4599 779 4659 cir.
798 4598 832 4658 L.
851 4597 888 4656 11.
908 4617 974 4675 cap.
992 4581 1048 4672 96.⁸
1100 4599 1131 4671 c)
1151 4595 1174 4659 1,
1191 4615 1217 4654 c.
1236 4617 1305 4676 pag.
1324 4607 1391 4674 ²⁸9·
1444 4592 1754 4674 d)1rcria.hlhru.,

181 4705 250 4766 pag,
269 4695 331 4748 120.
403 4682 518 4759 «lite.
537 4683 606 4763 pe'g.
626 4695 688 4760 295·
746 4687 788 4758 ‚sl
807 4683 885 4750 ttae
906 4683 944 4746 de
962 4687 1033 4765 Eap.
1053 4705 1121 4768 pap.
1140 4696 1203 4754 tit·
1222 4697 1252 4750 et
1270 4685 1355 4748 alihi.
