4440 5550
738 387 1156 518 constituitis
1194 441 1244 514 tt.
1372 465 1375 474 ·

203 637 315 709 .'I¹VS.
331 668 375 686 -
398 629 599 694 PRINCIPI.
622 627 903 696 tvvsstttWTtS.
924 657 967 674 -

217 737 448 808 vtc'toitts.
555 726 965 794 ntesutsstttonvtt.

220 837 369 902 CAESS.
387 831 616 915 eicientem
632 851 674 896 ex
691 827 966 914 prnecedentibns

147 997 151 1004 .
218 937 358 1024 cogniti.

403 1139 594 1202 7.0.1000
618 1137 652 1197 Ρ.
669 1139 711 1198 Χ.
726 1141 798 1198 007.

464 1237 713 1301 ararem.

288 1440 420 1504 ttonuo
437 1439 500 1504 irnc
514 1458 600 1502 enne
618 1450 711 1522 petre
727 1438 913 1519 Augustus,
936 1444 971 1496 et

223 1541 324 1606 totius
342 1540 489 1605 Orientis
510 1539 574 1629 jam
596 1552 728 1614 rector,
758 1537 885 1599 beilum
907 1533 972 1616 pri·

193 1719 197 1728 1
223 1663 313 1705 mnm
331 1663 404 1706 cnm
426 1631 553 1726 Sepcie
572 1641 747 1704 Pers'srum
771 1629 854 1722 reg'c
884 1634 971 1696 veris

222 1745 354 1809 fortune
377 1745 472 1828 gerit.
524 1741 670 1806 Subinde
696 1737 870 1806 Occidenti
895 1755 973 1819 pro·

224 1848 321 1932 spicit
335 1845 416 1916 inde
438 1843 478 1908 sb
492 1865 578 1908 enno
601 1846 638 1906 P.
654 1841 696 1901 X.
714 1842 796 1917 350,
819 1859 884 1925 quo
899 1857 972 1900 cne-

224 1971 280 2014 sus
302 1949 406 2012 freter
427 1947 604 2019 Constans,
634 1945 835 2026 unguendi,
856 1945 971 2010 Vetra-

222 2051 352 2128 trinnis,
374 2047 525 2112 Decentii
544 2046 715 2128 tyrannide
730 2044 881 2116 turbem.
903 2038 973 2124 qni·

225 2151 288 2216 ltus
311 2149 461 2214 omnibus
485 2149 561 2210 inco
588 2147 701 2222 motis,
724 2167 761 2210 sc
783 2141 972 2225 cumprimis

225 2253 330 2314 reiste
347 2250 470 2334 insigni
493 2247 578 2331 spurt
593 2250 738 2312 Murssm
763 2247 804 2310 de
818 2251 972 2328 Magnen-

227 2353 275 2414 tie
297 2349 434 2414 victorin
462 2372 545 2414 unus
573 2369 684 2413 rernm
715 2349 835 2432 potitus
858 2365 972 2430 pscem

226 2453 384 2518 restituit.
426 2453 508 2516 Cum
539 2472 621 2513 nnus
659 2464 764 2513 tsntse
796 2449 875 2510 moli
905 2467 972 2510 non

227 2553 408 2632 sufficeret,
425 2553 646 2617 constentinm
657 2552 787 2614 Gallum
804 2548 974 2614 consebri-

135 2711 138 2718 .
225 2679 303 2720 num
328 2659 502 2722 Cscssrem
520 2654 661 2738 sppeiiet
682 2653 833 2738 quidem,
857 2671 971 2716 rerunt

224 2771 365 2846 prepter
387 2753 518 2820 morum
537 2755 744 2838 esperitstem
771 2755 973 2848 ndimnrtem

228 2860 345 2924 educte
370 2859 466 2942 hujus
487 2857 625 2922 intrem
651 2859 810 2920 luiisnum
843 2855 974 2928 suflicit,

227 2979 369 3043 eumque
386 2961 476 3024 beiic
493 2949 667 3024 advenerim
676 2961 871 3022 itlumsnnns
883 2979 974 3040 prse-

229 3083 302 3124 ute
324 3061 425 3144 jusu.
469 3060 509 3126 v.
533 3061 570 3126 c.
604 3083 683 3124 ttto
711 3045 748 3126 r'.
770 3063 810 3124 x.
841 3061 904 3140 ³⁵7
933 3059 975 3122 ue

228 3163 421 3244 Magnentio
456 3163 581 3234 Rcmse
619 3161 808 3244 triumphet.
861 3159 976 3222 Trien-

229 3264 286 3325 nio
310 3275 384 3346 post
414 3261 538 3324 bellum
569 3251 725 3326 adsersus
748 3263 908 3345 Saporem
929 3261 976 3322 in·

231 3377 397 3437 stanneus,
429 3362 538 3425 nudito
561 3362 621 3426 sub
643 3363 747 3445 ipsum
771 3367 853 3448 iter,
883 3364 978 3425 lulis·

231 3485 331 3558 unm,
354 3461 410 3546 qui
432 3457 555 3545 mugnis
578 3461 678 3556 rebps
702 3465 801 3545 gestis
831 3465 979 3526 Aleman-

229 3585 292 3630 nus
315 3562 355 3627 sd
384 3583 499 3646 pecem
527 3564 749 3646 cumpulerit,
780 3565 918 3646 Augusti
941 3566 980 3624 ti·

230 3669 336 3730 tulum
359 3667 393 3727 in
416 3665 531 3728 Gelliis
554 3689 572 3728 n
594 3665 752 3728 militibus
780 3681 979 3749 ecceptnsse,

232 3769 331 3832 diiste
352 3767 488 3832 interim
515 3767 658 3831 vindicte
685 3781 801 3854 coepte
823 3787 979 3850 proscen-

232 3887 284 3936 tus
306 3869 507 3953 Euphrstem
540 3871 665 3954 transit.
718 3873 761 3934 At
791 3871 916 3956 Sspnre
939 3868 979 3932 sd

233 3975 304 4059 ejus
326 3973 502 4038 nitentum
525 3974 658 4049 territo,
682 3987 716 4036 et
737 3994 811 4038 cum
830 3975 980 4036 exercitu

226 4077 359 4160 ‚dilapsu
380 4093 554 4158 regressus
582 4087 615 4136 et
634 4065 724 4159 ipset
753 4077 786 4136 iu
809 4075 980 4150 lulisnurn,

233 4183 290 4266 qni
312 4179 374 4262 jem
397 4175 540 4254 ltaliam,
563 4189 597 4238 et
611 4177 778 4258 illyricum
801 4196 980 4259 occupere·

232 4297 301 4357 ret,
323 4278 608 4352 belluminstruit‚
631 4278 909 4342 veruminmedic
927 4301 982 4363 np-

234 4397 348 4465 psretu
374 4380 459 4465 spud
478 4382 721 4465 Mopsucrenen
747 4383 881 4444 Cilicise
905 4403 982 4444 cen·

234 4495 341 4546 trectc
357 4503 398 4545 ex
412 4483 612 4566 aegrimonin
629 4481 746 4546 murbc
762 4483 982 4566 exstinguitur

233 4584 276 4654 V.
296 4587 332 4650 C.
363 4593 443 4660 strip
469 4585 504 4646 Ρ.
521 4586 574 4672 tt,
593 4584 667 4649 3⁶1.
711 4587 837 4671 Corpus
854 4585 981 4650 iuliunc

1629 523 1632 529 .
1700 461 1770 528 tte

1024 623 1157 706 jubente
1174 621 1364 688 trsuslstnm
1380 619 1694 712 Ceustnutincpolin,
1709 625 1770 690 ibi·

1025 743 1089 808 que
1105 725 1287 790 henoriiice
1306 721 1483 788 conditum.

1088 829 1235 914 Enbitns·
1249 842 1299 892 est
1313 827 1438 910 ingenii
1457 825 1586 905 stolidi,
1610 831 1699 908 veni,
1722 851 1773 892 nr·

1025 929 1186 1012 regentis,
1232 931 1266 990 in
1303 933 1504 1018 suspiciones
1538 934 1697 1018 petentis,
1734 953 1773 996 sc

1026 1043 1094 1092 tum
1118 1031 1150 1091 in
1174 1030 1399 1096 crudelitatem
1421 1035 1534 1118 pruni,
1566 1048 1663 1118 etque
1686 1033 1802 1096 istud·

1027 1152 1093 1194 non
1122 1131 1162 1194 sb
1194 1131 1379 1198 idcinistris
1408 1136 1507 1200 mode
1545 1133 1773 1219 scriptoribus,

1028 1231 1089 1296 sed
1108 1233 1299 1299 Chri'stisnis
1316 1245 1471 1322 quinques
1488 1235 1561 1322 qui,
1588 1253 1624 1300 nt
1647 1237 1718 1319 ejus
1739 1239 1774 1300 in

1028 1348 1176 1400 veterem
1195 1338 1459 1419 superstitionem
1483 1337 1594 1400 ndium
1612 1336 1776 1401 collsuds·

1028 1451 1124 1524 runt,
1158 1437 1203 1500 its
1231 1434 1270 1499 nd
1301 1437 1371 1518 eins
1393 1438 1549 1503 insenism
1570 1439 1774 1524 ingemuere,

1029 1559 1091 1624 que
1128 1538 1160 1598 iu
1196 1541 1418 1605 controversis
1456 1560 1567 1604 suerso
1605 1539 1775 1602 do'ctriuee

1028 1639 1275 1727 quaestionibus
1304 1661 1404 1726 egere
1435 1639 1506 1724 ipre
1538 1639 1695 1704 arbitrum
1722 1651 1776 1703 est

1028 1761 1141 1816 susus,
1165 1753 1198 1804 et
1219 1744 1392 1828 episcopus
1409 1741 1497 1803 iuter
1519 1761 1555 1802 se
1573 1742 1777 1804 committen-

1029 1842 1071 1908 do
1093 1855 1215 1906 tuntum
1238 1843 1311 1906 iere
1339 1843 1501 1908 ecelesiae
1531 1862 1646 1927 punem
1668 1841 1798 1904 turbu·

1029 1943 1093 2019 vit,
1122 1960 1276 2029 quentum
1317 1945 1380 2030 qui
1402 1966 1473 2008 enm
1503 1957 1579 2007 ente
1599 1941 1777 2030 ,persecuti

1029 2058 1113 2110 sunt.
1157 2048 1247 2106 inter
1261 2047 1342 2109 hnec
1358 2047 1435 2112 ritis
1460 2045 1561 2108 inisse
1583 2058 1691 2108 tumen
1713 2043 1778 2108 cle·
1861 2103 1864 2112 ,

1029 2169 1103 2210 rum
1133 2145 1286 2230 eloquio,
1323 2159 1582 2238 temperantem,
1620 2144 1777 2228 egregiae

1030 2246 1272 2331 tranuiiiitntis
1311 2249 1489 2330 perhibent
1525 2248 1705 2332 Eutropius
1743 2257 1778 2307 et

1030 2363 1170 2434 uterque
1188 2347 1314 2428 Yictor.

1093 2517 1187 2584 onr
1214 2517 1244 2578 in
1271 2513 1389 2576 incerti
1423 2512 1573 2576 nominis'
1597 2514 1657 2574 lul.
1696 2515 1781 2576 Cotta·

1030 2619 1140 2683 stentii
1168 2615 1275 2699 pstrni
1295 2599 1388 2694 titia,
1416 2634 1525 2700 neque
1556 2615 1660 2696 megin
1688 2629 1780 2677 certe
1810 2675 1818 2694 ,

1032 2720 1103 2803 ejus
1133 2703 1262 2802 relique
1292 2718 1368 2783 rits.
1413 2719 1514 2805 ᾷηυι,
1543 2715 1780 2801 qni-Faustam

1031 2822 1226 2906 sppellstsm
1244 2819 1439 2902 conjicient,
1463 2839 1529 2902 qun
1554 2817 1687 2880 nemine
1704 2838 1780 2902 per·

1032 2945 1163 2990 cussum
1185 2941 1317 3014 numum
1349 2904 1425 3005 post
1446 2919 1669 2984 Constantium
1683 2919 1779 2990 hunc

1032 3027 1138 3112 ipsum
1156 3021 1302 3108 prcdsm.
1367 3027 1369 3032 '

1017 3253 1021 3262 .
1097 3167 1190 3235 onr
1208 3162 1250 3223 ii.
1286 3137 1428 3224 &erebia
1466 3113 1567 3241 petris
1598 3155 1780 3220 consuleris

1033 3267 1109 3330 iilis.
1132 3267 1224 3327 Haec
1234 3281 1364 3348 qnoque
1374 3259 1512 3336 sterilis,
1529 3261 1676 3344 utprier.
1698 3257 1779 3342 Ejus

1033 3359 1124 3428 nn'mi
1144 3365 1284 3428 necdum
1302 3361 1438 3447 reperti.
1555 3439 1574 3454 ρ

1059 3545 1072 3568 .
1096 3503 1191 3566 onr
1213 3502 1270 3563 iil.
1306 3503 1454 3563 Maxima
1475 3501 1650 3574 Faustina,
1687 3518 1782 3581 quem

1035 3616 1203 3688 pestremo
1232 3599 1320 3664 vitse
1343 3619 1427 3665 nnnc
1456 3596 1549 3658 duxit
1576 3597 1704 3660 incerto
1727 3619 1784 3680 ge.

1035 3725 1117 3768 nere
1139 3717 1252 3764 ortem.
1297 3699 1348 3762 Ex
1364 3699 1425 3762 hec
1447 3710 1577 3760 mortun
1594 3697 1782 3782 meritone·
1807 3741 1809 3746 -

1036 3821 1067 3869 ts
1090 3799 1276 3866 Constantis
1297 3797 1338 3861 sb
1357 3816 1479 3864 eventu
1506 3798 1593 3860 dicte
1618 3799 1784 3876 Postume,
1914 3851 1917 3860 ,

1038 3904 1174 3972 subinde
1198 3902 1354 3966 Grstinne
1384 3903 1470 3983 Aug.
1507 3912 1617 3982 nepte.
1661 3899 1788 3962 Fnusti·

1037 4031 1099 4074 nse
1130 4027 1263 4069 numum
1305 4001 1408 4066 edidit
1438 4000 1689 4078 mediobarbus,
1726 4001 1787 4065 sed

1038 4113 1094 4196 qui
1121 4109 1231 4173 verius
1252 4103 1382 4169 videtur
1404 4105 1445 4167 sd
1461 4105 1614 4168 Feuetem
1631 4104 1788 4196 ceneten·
1816 4185 1821 4196 ι

1038 4211 1100 4277 tini
1118 4214 1164 4278 id.
1178 4210 1360 4295 pertinere.

1021 4387 1091 4449 ’Αο
1111 4403 1195 4445 anuo
1214 4383 1252 4448 V.
1271 4381 1302 4442 C·
1323 4384 1404 4443 1000
1426 4381 1462 4440 Ρ.
1484 4377 1525 4438 Χ.
1543 4383 1605 4440 837
1630 4378 1677 4436 ad
1696 4377 1733 4436 7.
1753 4374 1786 4436 C.

1272 4487 1353 4543 1110
1369 4482 1408 4541 P·
1426 4479 1556 4541 Χ.301.

1515 4677 1585 4738 Pe
