4404 5564
632 565 708 640 an
744 565 1029 644 vouvunn
1062 569 1301 646 ensuvn.
1710 595 1731 662 5

187 731 343 809 valuisse,
371 751 431 796 seu
452 732 712 818 obtemperatum
736 749 844 814 esset,
868 759 928 803 ιιι
984 739 1173 825 imperantis
1197 737 1375 802 Domitiani
1397 739 1471 806 vlt.
1490 755 1528 805 et
1553 743 1639 812 vm.
1671 745 1731 808 'Aa

185 854 267 912 non,
293 833 370 898 indo
392 833 471 900 licet
493 837 675 920 conjicere,
702 837 792 924 quod
806 838 890 902 itta
880 859 929 902 tn·
985 862 1067 957 orgo
1084 842 1388 926 ipsisannisvllst
1378 843 1554 926 maginem
1573 846 1729 932 principie

184 933 287 998 fracta
310 957 418 1000 ιιιιιιι
444 937 535 1000 dedit
552 939 728 1004 lastiniam
753 940 927 1024 rumpendi
984 943 1035 1006 sui
1057 943 1200 1008 nancisci
1226 963 1293 1006 non
1317 957 1470 1027 poteraut
1495 944 1734 1030 Philippopoli·.

184 1033 341 1116 tordaria,
358 1037 479 1102 etbelh
488 1039 830 1124 anierendr,1neursse
843 1042 927 1106 adeo
983 1043 1059 1108 tae?
1088 1043 1176 1139 Quid
1197 1044 1286 1129 quod
1301 1047 1456 1110 Romae
1444 1069 1510 1130 pam
1529 1067 1613 1111 anne
1634 1049 1675 1116 V
1690 1049 1728 1115 C.

151 1138 355 1216 .liomanis‚
375 1163 452 1224 quas
466 1141 576 1221 libuit,
591 1143 685 1228 leges
700 1143 808 1222 ierre,
826 1159 858 1210 at
873 1167 928 1210 ax·
984 1145 1047 1212 est
1063 1165 1137 1210 cnm
1151 1143 1358 1210 Dominam
1341 1168 1481 1260 umagrua
1497 1149 1566 1210 cusi
1584 1163 1658 1212 suut
1671 1172 1729 1212 nu·

183 1239 263 1302 toris
279 1243 646 1325 quoquonatiouibus,'
638 1245 818 1310 ritmorum
834 1265 928 1330 gere·
985 1247 1047 1324 mi,
1075 1261 1110 1310 at
1126 1269 1189 1332 par
1205 1268 1317 1312 omnes
1337 1267 1521 1333 procinctae
1536 1271 1657 1333 sparsi,
1681 1272 1730 1316 sa.-

183 1360 238 1417 ro,
260 1354 333 1421 aut,
354 1363 429 1408 cum
448 1345 641 1425 tutumiuit,
658 1348 836 1432 aspernari.
859 1347 927 1412 Sed
985 1349 1025 1410 tis
1044 1369 1126 1434 ergo
1145 1344 1222 1412 iude
1242 1349 1282 1412 ab
1300 1348 1477 1414 annissere
1497 1349 1568 1410 XX.
1585 1351 1726 1434 cognita.

182 1439 265 1506 baec
280 1457 347 1508 tum
359 1459 482 1510 tautum
498 1468 572 1514 vera
583 1463 679 1512 erunt
689 1449 838 1532 putanda,
852 1469 926 1513 oum

182 1543 353 1610 adstruere
369 1549 515 1612 Zonaras
534 1549 628 1614 dictis
647 1550 747 1614 tidem
766 1551 924 1616 volemus.

287 1734 323 1794 P.
341 1731 543 1797 LXXXIX.
561 1735 624 1800 eol.
642 1756 669 1801 s.
689 1737 750 1800 lin.
771 1759 819 1813 ιη.

245 1850 372 1917 Verba:
396 1854 470 1935 lpse
487 1853 685 1918 PeIIcrinius
695 1889 811 1906 ······
822 1857 925 1920 Baec-

179 1951 252 2016 tiae.
274 1955 521 2040 Expungantur.

331 2142 368 2202 P.
386 2137 499 2204 XCII.
519 2139 581 2202 col.
596 2155 627 2204 s.
647 2141 707 2207 Is'n.
723 2161 778 2206 st.

241 2259 307 2321 Pro
317 2257 522 2320 Faliscorum
532 2257 688 2322 Etrurine
698 2259 786 2344 leget
802 2258 924 2322 Elidis

276 2444 313 2504 P.
330 2439 462 2505 XCIII.
480 2441 542 2502 eol.
557 2457 589 2506 ι.
602 2453 680 2524 post
696 2401 761 2506 lits*
772 2443 823 2506 ab.

240 2559 290 2623 ct.
306 2547 526 2623 Pinhertonus
546 2559 729 2624 mirabilem
751 2581 828 2624 sane
850 2581 922 2626 can·

178 2685 244 2726 sam
260 2661 391 2748 ingerit,
407 2681 466 2724 cur
480 2681 577 2746 saepe
592 2663 625 2724 in
637 2645 810 2726 numerum
821 2663 921 2726 Grae·

174 2784 288 2828 corum
306 2763 410 2828 antica
426 2779 613 2848 compareat
626 2765 796 2847 inscriptio
812 2765 919 2842 latina,

175 2865 207 2928 in
217 2865 476 2932 asersaGraeca.
489 2865 544 2927 Ait
555 2867 672 2952 (Essap
687 2886 729 2929 on
745 2866 832 2930 med.
843 2870 882 2932 Τ.
892 2871 917 2932 l.

173 2989 205 3050 p.
221 2973 314 3050 ιιι),
334 2967 538 3050 magistratus
552 2967 707 3046 Graecos,
724 2989 798 3032 oum
813 2970 919 3033 statim

173 3067 379 3153 imperatoris
394 3071 436 3134 R.
452 3067 624 3152 imaginem
640 3084 770 3152 praesto
785 3093 850 3133 non
865 3072 919 3136 ha‘

172 3172 309 3247 herent,
332 3169 500 3232 matricem
518 3171 729 3234 monetariam
746 3174 849 3237 Roma
868 3195 919 3236 ar·

173 3272 355 3338 cessitisse.
378 3271 509 3334 Missam
524 3289 606 3346 eam,
619 3283 655 3332 ut
669 3293 728 3354 par
742 3287 823 3352 erat,
842 3295 919 3338 con·

171 3373 305 3434 tinuisse
320 3372 523 3456 epigraphen
533 3371 691 3456 Latinam.
709 3375 801 3437 Hanc
815 3376 917 3459 ipsam

172 3474 308 3552 deiude,
326 3488 361 3536 ut
377 3487 570 3557 parceretur
586 3474 776 3556 sumptibus,
794 3475 835 3537 sd
850 3499 919 3540 mo·

171 3591 280 3640 netem
300 3597 388 3638 sua·
407 3573 600 3654 adhibitam,
622 3589 714 3659 parte
741 3596 853 3640 aversa
874 3578 914 3641 ah

173 3677 297 3744 artifice
317 3679 445 3741 Graeco
462 3675 637 3743 elaborata.
665 3679 709 3740 Et
729 3675 915 3742 confirmari

171 3779 277 3858 istud,
311 3780 399 3864 quod
425 3777 508 3840 nuili
538 3791 592 3842 aut
620 3779 715 3862 pauci
741 3794 943 3844 occurrant'

172 3883 261 3946 numi
282 3881 404 3958 exteri,
420 3881 608 3964 inquorum
624 3880 727 3944 antica
742 3895 829 3945 esset
847 3883 916 3967 epi·

171 3986 294 4069 graphe
314 3985 457 4059 Graeca,
479 3983 514 4044 in
535 4001 648 4046 aversa
667 3983 792 4048 Latina.
822 3986 914 4048 Haec

171 4113 188 4153 a
208 4089 278 4153 viro
296 4085 426 4150 erudito
447 4083 575 4169 prodita
593 4085 633 4148 ab
653 4085 731 4168 ipsis
747 4088 853 4149 numia
869 4088 916 4151 sa·

170 4189 234 4254 cile
251 4189 460 4254 refelluntur.
488 4189 624 4251 Exstant
640 4188 730 4250 numi
746 4188 915 4274 Philippo·

171 4293 285 4375 poleos
306 4291 482 4353 Thraciaes
505 4293 594 4356 [ΜΡ.
612 4292 734 4354 CAES.
754 4293 911 4356 Dorotr.

170 4393 272 4460 AVG.
287 4391 423 4456 GERM.
443 4391 537 4454 COS.
554 4395 653 4456 xtttt.
673 4394 796 4458 GENS.
813 4397 911 4456 PER.

170 4496 267 4558 1³:1³.
298 4494 331 4554 in
360 4513 490 4556 aversa:
534 4485 912 4558 ‹btttlttssossonttt-

171 4591 292 4659 ΤΩΝ.
307 4596 359 4656 Ex
375 4594 539 4656 mentione
555 4595 912 4664 consulatusXIV.cer·

169 4714 237 4761 tum
255 4710 320 4772 est,
347 4717 405 4759 eos
423 4696 565 4780 sigpstos
583 4696 683 4759 fuisse
703 4698 788 4758 intra
809 4719 909 4761 annos

170 4802 208 4868 V.
230 4802 265 4863 C.
293 4801 373 4874 dm,
400 4801 481 4875 842,
510 4799 566 4884 qui
592 4798 793 4882 respondent
819 4801 909 4863 annia

983 1451 1120 1512 Exstant
1133 1471 1223 1512 nums
1214 1449 1398 1534 'Agrippae
1413 1455 1453 1516 Il.
1467 1449 1609 1526 ludaei,
1599 1472 1633 1512 ru
1648 1473 1729 1534 quo·

983 1573 1056 1613 rum
1075 1551 1195 1614 anticas
1217 1555 1277 1616 lut.
1292 1553 1357 1614 CA.
1374 1555 1415 1616 1).
1427 1553 1549 1620 VESP.
1561 1553 1600 1615 F.
1612 1553 1723 1618 DOM.

983 1653 1056 1720 AV.
1073 1651 1174 1718 GER.
1195 1653 1290 1717 COS.
1308 1655 1378 1718 xtt.
1409 1653 1443 1714 in
1468 1673 1597 1716 aversa:
1629 1649 1725 1716 Esst.

982 1753 1055 1814 BA.
1070 1748 1133 1814 ΑΓ
1135 1752 1189 1818 ΡΙ.
1206 1753 1279 1821 ET.
1296 1755 1361 1828 Κς.
1382 1753 1415 1816 S.
1432 1753 1469 1816 C.
1491 1755 1726 1838 Praeterquam

981 1856 1070 1938 quod
1093 1856 1132 1920 ad
1156 1857 1216 1919 hos
1240 1875 1355 1918 numos
1381 1853 1470 1917 idem
1496 1854 1599 1933 vaiet,
1637 1858 1726 1938 quod

855 1973 860 1993 ¹
982 1955 1080 2019 modo
1096 1956 1137 2020 de
1152 1955 1416 2041 Philippopolitis
1433 1956 1596 2032 dixeram,
1614 1955 1726 2018 obser·

979 2059 1120 2122 vandum
1137 2059 1249 2134 etiam,
1272 2059 1301 2120 si
1320 2059 1436 2120 matrix
1459 2055 1583 2120 antioae
1608 2055 1725 2118 fuisset

918 2187 923 2198 ·
963 2159 1013 2220 'in
1030 2159 1112 2222 urbe
1128 2159 1294 2236 coniecta,
1322 2161 1538 2222 monetarium
1556 2153 1607 2219 ssti
1622 2158 1725 2220 inser·

979 2275 1088 2323 tarum
1104 2261 1205 2322 fuisse
1221 2259 1482 2343 inscriptionem,
1505 2281 1587 2345 quae
1607 2261 1641 2320 in
1657 2281 1725 2322 mo·

978 2375 1054 2424 neta
1075 2362 1220 2423 Romana
1245 2362 1355 2434 valuit.
1393 2361 1624 2444 Atfflercurre
1648 2381 1723 2424 esus
1753 2427 1755 2436 ,

978 2475 1095 2539 totam,
1118 2475 1153 2524 et
1174 2463 1272 2524 talam
1291 2483 1357 2526 ιιοιι
1375 2463 1534 2544 reperies.
1556 2461 1646 2524 Idem
1669 2483 1722 2524 ma

977 2583 1138 2648 sponsore
1153 2563 1353 2646 experieris,
1375 2563 1404 2638 si
1419 2563 1499 2626 alios
1512 2562 1607 2644 hujus
1624 2561 1725 2646 gene?

977 2665 1024 2726 ris
1053 2685 1189 2741 numos,
1224 2685 1261 2726 ac
1292 2665 1467 2749 praecipue
1497 2663 1720 2726 Antiochense

977 2787 1051 2830 cum
1072 2766 1260 2828 monetali.
1279 2767 1467 2830 contuleris.
1489 2767 1563 2828 Huc
1583 2765 1720 2842 accedit,

978 2868 1065 2952 quod
1082 2870 1114 2930 in
1132 2869 1182 2930 his
1197 2885 1327 2950 quoque
1341 2866 1437 2929 facile
1453 2865 1608 2928 fabricam
1624 2870 1720 2930 alio·

977 2992 1070 3033 mana
1092 2971 1253 3034 diversans
1278 2968 1485 3034 discreveris.
1515 2969 1638 3032 Confer
1660 2970 1721 3031 ite-

975 3094 1050 3136 rum
1079 3071 1266 3156 cumprimis
1289 3071 1523 3134 Antiochense.
1558 3070 1721 3154 Aequod

976 3173 1150 3258 praecipue
1161 3195 1232 3236 rem
1249 3172 1379 3248 evincit,
1395 3185 1468 3233 sunt
1479 3171 1718 3234 numiOthonis

976 3275 1122 3359 ejusdem
1137 3273 1345 3349 Antiochiae,
1364 3272 1398 3333 in
1415 3271 1531 3364 quibus
1547 3273 1718 3355 inscriptio

976 3379 1089 3461 capitis
1107 3390 1159 3439 est
1179 3373 1308 3450 Latina,
1328 3387 1366 3437 at
1389 3373 1594 3457 imperatoris
1618 3373 1718 3437 linea·

976 3491 1100 3554 menta,
1130 3490 1165 3538 ct
1185 3475 1290 3538 cultus
1315 3474 1428 3558 capitis
1454 3487 1518 3538 tam
1543 3496 1561 3536 a
1587 3491 1717 3539 moneta
1743 3532 1748 3546 ,

975 3578 1087 3640 urbica
1102 3577 1223 3656 aliona,
1237 3590 1272 3640 ut
1288 3576 1383 3639 facile
1400 3589 1566 3659 appareat,
1583 3596 1642 3639 eos
1659 3599 1717 3638 nn·

956 3701 1044 3756 ¹mos
1058 3679 1250 3744 Antiochiae
1264 3699 1360 3742 cusos
1376 3692 1486 3754 autea,
1502 3699 1598 3762 quam
1613 3677 1658 3738 ibi
1674 3679 1715 3741 de
1821 3731 1826 3740 .

972 3803 1051 3846 vora
1070 3783 1140 3864 ejus
1158 3783 1299 3864 imagine
1322 3802 1363 3844 ex
1386 3797 1515 3844 moneta
1531 3785 1571 3845 R.
1589 3795 1715 3844 consta·

971 3897 1041 3961 ret,
1057 3903 1123 3969 quo
1140 3883 1181 3948 de
1200 3899 1393 3970 argumento
1407 3885 1471 3967 jaus
1489 3883 1544 3966 egi
1559 3883 1593 3944 in
1609 3883 1714 3944 nansia

972 3986 1044 4069 ejus
1061 3987 1209 4070 Augusti.
1233 3985 1325 4080 Quae
1344 4007 1425 4070 ergo
1443 4006 1538 4049 causa
1553 3984 1631 4061 suit,
1653 4003 1712 4046 cur

970 4109 1085 4151 numos
1117 4089 1177 4150 hos
1210 4087 1374 4170 bilingues
1403 4088 1542 4150 ferirent
1572 4086 1712 4150 Graeci?

969 4191 1044 4274 Ego
1060 4189 1093 4252 in
1109 4192 1173 4252 hoc
1188 4189 1333 4252 instituto
1346 4212 1443 4252 unum
1458 4189 1556 4256 video
1573 4187 1710 4254 caluisse

936 4319 944 4334 ι
969 4291 1157 4366 arbitrium,
1181 4291 1268 4375 quod
1288 4292 1424 4354 maxime
1441 4305 1575 4374 apparet
1595 4311 1636 4352 ax
1653 4311 1712 4352 nu·

969 4393 1030 4454 mis
1041 4393 1240 4469 Antiochiae,
1254 4393 1286 4454 in
1302 4394 1417 4478 quibus
1429 4394 1519 4455 nulia
1530 4405 1619 4455 certa
1632 4387 1709 4474 lege

968 4495 1081 4579 capitis
1106 4494 1285 4578 epigraphe
1309 4496 1373 4578 jam
1399 4495 1524 4557 Graeca
1549 4507 1614 4570 eat,
1643 4493 1708 4576 jam

966 4597 1089 4664 Latina.
1114 4597 1151 4657 ln
1164 4598 1270 4658 numis
1282 4595 1352 4658 aliis
1364 4596 1553 4658 Polemonia
1566 4599 1590 4660 1.
1610 4596 1709 4658 Ponti

966 4699 1056 4782 regis
1077 4699 1186 4782 legass
1213 4700 1302 4762 lttt’.
1325 4699 1508 4766 CAESAR.
1526 4698 1645 4776 Avo„
1673 4699 1706 4760 in

966 4801 1038 4864 aliis
1051 4795 1310 4866 ΚΑΙΣΆΡΟΣ.
1325 4795 1592 4864 mmor.
1612 4801 1704 4882 (vot.
