<?xml version="1.0" encoding="UTF-8"?>
<!DOCTYPE html PUBLIC "-//W3C//DTD XHTML 1.0 Transitional//EN"
    "http://www.w3.org/TR/xhtml1/DTD/xhtml1-transitional.dtd">
<html xmlns="http://www.w3.org/1999/xhtml" xml:lang="en" lang="en">
 <head>
  <title>
</title>
<meta http-equiv="Content-Type" content="text/html;charset=utf-8" />
  <meta name='ocr-system' content='tesseract 3.04.00' />
  <meta name='ocr-capabilities' content='ocr_page ocr_carea ocr_par ocr_line ocrx_word'/>
</head>
<body>
  <div class='ocr_page' id='page_1' title='image "./doctrinanvmorvm06grangoog/doctrinanvmorvm06grangoog_0411.png"; bbox 0 0 4476 5564; ppageno 0'>
   <div class='ocr_carea' id='block_1_1' title="bbox 460 361 1379 510">
    <p class='ocr_par' dir='ltr' id='par_1_1' title="bbox 460 361 1379 510">
     <span class='ocr_line' id='line_1_1' title="bbox 460 361 1379 510; baseline -0.001 -25"><span class='ocrx_word' id='word_1_1' title='bbox 460 437 566 510; x_wconf 67' lang='lat'><strong>,02</strong></span> <span class='ocrx_word' id='word_1_2' title='bbox 970 471 975 483; x_wconf 81' lang='grc'><strong>.</strong></span> <span class='ocrx_word' id='word_1_3' title='bbox 1102 361 1298 486; x_wconf 69' lang='lat' dir='ltr'><strong>capvt</strong></span> <span class='ocrx_word' id='word_1_4' title='bbox 1333 409 1379 484; x_wconf 7' lang='lat' dir='ltr'><strong>xm.</strong></span> 
     </span>
    </p>
   </div>
   <div class='ocr_carea' id='block_1_2' title="bbox 451 587 2010 1191">
    <p class='ocr_par' dir='ltr' id='par_1_2' title="bbox 451 587 2010 1191">
     <span class='ocr_line' id='line_1_2' title="bbox 463 587 2006 680; baseline -0.002 -14"><span class='ocrx_word' id='word_1_5' title='bbox 463 603 505 666; x_wconf 87' lang='lat' dir='ltr'><strong>de</strong></span> <span class='ocrx_word' id='word_1_6' title='bbox 537 589 753 664; x_wconf 80' lang='lat' dir='ltr'><strong>marmoribus</strong></span> <span class='ocrx_word' id='word_1_7' title='bbox 788 591 910 678; x_wconf 82' lang='lat' dir='ltr'><strong>judicio</strong></span> <span class='ocrx_word' id='word_1_8' title='bbox 946 599 1076 655; x_wconf 82' lang='lat' dir='ltr'><strong>marum</strong></span> <span class='ocrx_word' id='word_1_9' title='bbox 1108 595 1205 677; x_wconf 80' lang='lat' dir='ltr'><strong>plano</strong></span> <span class='ocrx_word' id='word_1_10' title='bbox 1262 591 1407 667; x_wconf 73' lang='lat' dir='ltr'><strong>Faue..</strong></span> <span class='ocrx_word' id='word_1_11' title='bbox 1434 587 1532 677; x_wconf 79' lang='lat' dir='ltr'><strong>isque</strong></span> <span class='ocrx_word' id='word_1_12' title='bbox 1555 591 1588 654; x_wconf 86' lang='lat' dir='ltr'><strong>in</strong></span> <span class='ocrx_word' id='word_1_13' title='bbox 1610 590 1730 680; x_wconf 75' lang='lat' dir='ltr'><strong>vulgus</strong></span> <span class='ocrx_word' id='word_1_14' title='bbox 1750 593 1851 674; x_wconf 74' lang='lat' dir='ltr'><strong>ntra,</strong></span> <span class='ocrx_word' id='word_1_15' title='bbox 1881 603 2006 680; x_wconf 79' lang='lat' dir='ltr'><strong>nescio,</strong></span> 
     </span>
     <span class='ocr_line' id='line_1_3' title="bbox 461 693 2007 782; baseline -0.008 -11"><span class='ocrx_word' id='word_1_16' title='bbox 461 705 584 770; x_wconf 78' lang='lat' dir='ltr'><strong>sentite</strong></span> <span class='ocrx_word' id='word_1_17' title='bbox 617 701 788 762; x_wconf 77' lang='lat' dir='ltr'><strong>ittusrram·</strong></span> <span class='ocrx_word' id='word_1_18' title='bbox 812 694 999 758; x_wconf 77' lang='lat' dir='ltr'><strong>BImardum</strong></span> <span class='ocrx_word' id='word_1_19' title='bbox 1031 697 1158 780; x_wconf 80' lang='lat' dir='ltr'><strong>egregii</strong></span> <span class='ocrx_word' id='word_1_20' title='bbox 1187 719 1205 760; x_wconf 86' lang='lat' dir='ltr'><strong>a</strong></span> <span class='ocrx_word' id='word_1_21' title='bbox 1264 716 1323 758; x_wconf 91' lang='lat' dir='ltr'><strong>cur</strong></span> <span class='ocrx_word' id='word_1_22' title='bbox 1343 713 1409 756; x_wconf 84' lang='lat' dir='ltr'><strong>uon</strong></span> <span class='ocrx_word' id='word_1_23' title='bbox 1431 693 1588 773; x_wconf 85' lang='lat' dir='ltr'><strong>aequoin</strong></span> <span class='ocrx_word' id='word_1_24' title='bbox 1612 695 1834 782; x_wconf 84' lang='lat' dir='ltr'><strong>insculpeadis</strong></span> <span class='ocrx_word' id='word_1_25' title='bbox 1856 719 2007 770; x_wconf 65' lang='lat' dir='ltr'><strong>monetas</strong></span> 
     </span>
     <span class='ocr_line' id='line_1_4' title="bbox 462 796 2007 888; baseline -0.007 -18"><span class='ocrx_word' id='word_1_26' title='bbox 462 803 599 871; x_wconf 85' lang='lat' dir='ltr'><strong>scientia</strong></span> <span class='ocrx_word' id='word_1_27' title='bbox 617 801 770 884; x_wconf 84' lang='lat' dir='ltr'><strong>lapidaria</strong></span> <span class='ocrx_word' id='word_1_28' title='bbox 789 798 943 871; x_wconf 84' lang='lat' dir='ltr'><strong>nominis,</strong></span> <span class='ocrx_word' id='word_1_29' title='bbox 963 799 1017 878; x_wconf 89' lang='lat' dir='ltr'><strong>qui</strong></span> <span class='ocrx_word' id='word_1_30' title='bbox 1033 811 1206 881; x_wconf 84' lang='lat' dir='ltr'><strong>praetcrea</strong></span> <span class='ocrx_word' id='word_1_31' title='bbox 1263 796 1407 858; x_wconf 86' lang='lat' dir='ltr'><strong>numeris</strong></span> <span class='ocrx_word' id='word_1_32' title='bbox 1426 797 1570 878; x_wconf 87' lang='lat' dir='ltr'><strong>potuerit</strong></span> <span class='ocrx_word' id='word_1_33' title='bbox 1590 796 1752 879; x_wconf 77' lang='lat' dir='ltr'><strong>obrepere</strong></span> <span class='ocrx_word' id='word_1_34' title='bbox 1775 823 1889 878; x_wconf 86' lang='lat' dir='ltr'><strong>error,</strong></span> <span class='ocrx_word' id='word_1_35' title='bbox 1913 827 2007 888; x_wconf 71' lang='lat' dir='ltr'><strong>prae.</strong></span> 
     </span>
     <span class='ocr_line' id='line_1_5' title="bbox 462 897 2010 989; baseline -0.008 -17"><span class='ocrx_word' id='word_1_36' title='bbox 462 904 644 972; x_wconf 77' lang='lat' dir='ltr'><strong>ostendum</strong></span> <span class='ocrx_word' id='word_1_37' title='bbox 670 913 782 966; x_wconf 89' lang='lat' dir='ltr'><strong>monet</strong></span> <span class='ocrx_word' id='word_1_38' title='bbox 806 899 846 964; x_wconf 86' lang='lat' dir='ltr'><strong>ab</strong></span> <span class='ocrx_word' id='word_1_39' title='bbox 868 899 909 962; x_wconf 88' lang='lat' dir='ltr'><strong>iis</strong></span> <span class='ocrx_word' id='word_1_40' title='bbox 929 898 1206 981; x_wconf 81' lang='lat' dir='ltr'><strong>inscriptionibus,</strong></span> <span class='ocrx_word' id='word_1_41' title='bbox 1264 901 1360 981; x_wconf 81' lang='lat' dir='ltr'>cipue</span> <span class='ocrx_word' id='word_1_42' title='bbox 1378 917 1451 960; x_wconf 89' lang='lat' dir='ltr'><strong>cum</strong></span> <span class='ocrx_word' id='word_1_43' title='bbox 1468 899 1499 956; x_wconf 93' lang='lat' dir='ltr'><strong>in</strong></span> <span class='ocrx_word' id='word_1_44' title='bbox 1520 897 1570 959; x_wconf 87' lang='lat' dir='ltr'><strong>his</strong></span> <span class='ocrx_word' id='word_1_45' title='bbox 1586 901 1847 981; x_wconf 81' lang='lat' dir='ltr'><strong>perscribendis,</strong></span> <span class='ocrx_word' id='word_1_46' title='bbox 1866 920 1901 967; x_wconf 85' lang='lat' dir='ltr'><strong>ut</strong></span> <span class='ocrx_word' id='word_1_47' title='bbox 1919 907 2010 989; x_wconf 64' lang='lat' dir='ltr'><strong>paul.</strong></span> 
     </span>
     <span class='ocr_line' id='line_1_6' title="bbox 451 999 2007 1090; baseline -0.003 -15"><span class='ocrx_word' id='word_1_48' title='bbox 451 1029 539 1090; x_wconf 54' lang='lat' dir='ltr'><strong>iquos</strong></span> <span class='ocrx_word' id='word_1_49' title='bbox 560 1004 700 1090; x_wconf 88' lang='lat' dir='ltr'><strong>quodam</strong></span> <span class='ocrx_word' id='word_1_50' title='bbox 724 1018 873 1084; x_wconf 86' lang='lat' dir='ltr'><strong>temporo</strong></span> <span class='ocrx_word' id='word_1_51' title='bbox 897 1000 1015 1064; x_wconf 84' lang='lat' dir='ltr'><strong>eruditi</strong></span> <span class='ocrx_word' id='word_1_52' title='bbox 1042 1001 1120 1068; x_wconf 79' lang='lat' dir='ltr'><strong>varii</strong></span> <span class='ocrx_word' id='word_1_53' title='bbox 1145 1021 1206 1084; x_wconf 85' lang='lat' dir='ltr'><strong>par</strong></span> <span class='ocrx_word' id='word_1_54' title='bbox 1262 1003 1297 1064; x_wconf 89' lang='lat' dir='ltr'><strong>Io</strong></span> <span class='ocrx_word' id='word_1_55' title='bbox 1318 1013 1392 1063; x_wconf 87' lang='lat' dir='ltr'><strong>ante</strong></span> <span class='ocrx_word' id='word_1_56' title='bbox 1417 999 1575 1074; x_wconf 85' lang='lat' dir='ltr'><strong>disserui,</strong></span> <span class='ocrx_word' id='word_1_57' title='bbox 1603 1001 1911 1088; x_wconf 47' lang='lat' dir='ltr'><strong>malto‘proiixius,</strong></span> <span class='ocrx_word' id='word_1_58' title='bbox 1941 1010 2007 1072; x_wconf 82' lang='lat' dir='ltr'><strong>ire·</strong></span> 
     </span>
     <span class='ocr_line' id='line_1_7' title="bbox 460 1101 2009 1191; baseline -0.018 -14"><span class='ocrx_word' id='word_1_59' title='bbox 460 1111 569 1191; x_wconf 77' lang='lat' dir='ltr'><strong>iocum</strong></span> <span class='ocrx_word' id='word_1_60' title='bbox 596 1101 836 1177; x_wconf 81' lang='lat' dir='ltr'><strong>confinxerunt,</strong></span> <span class='ocrx_word' id='word_1_61' title='bbox 860 1118 927 1169; x_wconf 85' lang='lat' dir='ltr'><strong>tum</strong></span> <span class='ocrx_word' id='word_1_62' title='bbox 950 1125 970 1166; x_wconf 88' lang='lat' dir='ltr'><strong>a</strong></span> <span class='ocrx_word' id='word_1_63' title='bbox 991 1101 1100 1165; x_wconf 82' lang='lat' dir='ltr'><strong>multis</strong></span> <span class='ocrx_word' id='word_1_64' title='bbox 1123 1103 1205 1177; x_wconf 84' lang='lat' dir='ltr'><strong>aliis,</strong></span> <span class='ocrx_word' id='word_1_65' title='bbox 1263 1105 1478 1186; x_wconf 83' lang='lat' dir='ltr'><strong>quentiuaque</strong></span> <span class='ocrx_word' id='word_1_66' title='bbox 1509 1114 1677 1184; x_wconf 75' lang='lat' dir='ltr'>peccetur.</span> <span class='ocrx_word' id='word_1_67' title='bbox 1726 1105 1778 1168; x_wconf 71' lang='lat' dir='ltr'><strong>Ad</strong></span> <span class='ocrx_word' id='word_1_68' title='bbox 1807 1108 1889 1172; x_wconf 62' lang='lat' dir='ltr'><strong>hm</strong></span> <span class='ocrx_word' id='word_1_69' title='bbox 1920 1131 2009 1174; x_wconf 59' lang='lat' dir='ltr'><strong>em,</strong></span> 
     </span>
    </p>
   </div>
   <div class='ocr_carea' id='block_1_3' title="bbox 456 1199 2007 1697">
    <p class='ocr_par' dir='ltr' id='par_1_3' title="bbox 456 1199 2007 1603">
     <span class='ocr_line' id='line_1_8' title="bbox 461 1199 2007 1294; baseline -0.003 -20"><span class='ocrx_word' id='word_1_70' title='bbox 461 1212 525 1274; x_wconf 87' lang='lat' dir='ltr'><strong>etsi</strong></span> <span class='ocrx_word' id='word_1_71' title='bbox 547 1227 658 1272; x_wconf 87' lang='lat' dir='ltr'><strong>aarum</strong></span> <span class='ocrx_word' id='word_1_72' title='bbox 681 1205 779 1267; x_wconf 87' lang='lat' dir='ltr'><strong>fidem</strong></span> <span class='ocrx_word' id='word_1_73' title='bbox 809 1218 969 1268; x_wconf 84' lang='lat' dir='ltr'><strong>testentur</strong></span> <span class='ocrx_word' id='word_1_74' title='bbox 990 1205 1052 1267; x_wconf 79' lang='lat' dir='ltr'><strong>riri</strong></span> <span class='ocrx_word' id='word_1_75' title='bbox 1074 1203 1204 1286; x_wconf 88' lang='lat' dir='ltr'><strong>quidam</strong></span> <span class='ocrx_word' id='word_1_76' title='bbox 1264 1217 1330 1266; x_wconf 92' lang='lat' dir='ltr'><strong>tum</strong></span> <span class='ocrx_word' id='word_1_77' title='bbox 1353 1199 1450 1266; x_wconf 85' lang='lat' dir='ltr'><strong>otiam</strong></span> <span class='ocrx_word' id='word_1_78' title='bbox 1470 1202 1663 1285; x_wconf 83' lang='lat' dir='ltr'><strong>frequenter</strong></span> <span class='ocrx_word' id='word_1_79' title='bbox 1685 1228 1703 1268; x_wconf 93' lang='lat' dir='ltr'><strong>a</strong></span> <span class='ocrx_word' id='word_1_80' title='bbox 1728 1211 1918 1273; x_wconf 87' lang='lat' dir='ltr'><strong>monetariis</strong></span> <span class='ocrx_word' id='word_1_81' title='bbox 1933 1213 2007 1294; x_wconf 85' lang='lat' dir='ltr'><strong>jun·</strong></span> 
     </span>
     <span class='ocr_line' id='line_1_9' title="bbox 457 1305 2007 1398; baseline -0.012 -25"><span class='ocrx_word' id='word_1_82' title='bbox 457 1313 622 1386; x_wconf 84' lang='lat' dir='ltr'><strong>illustres,</strong></span> <span class='ocrx_word' id='word_1_83' title='bbox 654 1329 691 1372; x_wconf 87' lang='lat' dir='ltr'><strong>ac</strong></span> <span class='ocrx_word' id='word_1_84' title='bbox 721 1305 1204 1398; x_wconf 69' lang='lat' dir='ltr'><strong>praecipuoHispaniensibus,</strong></span> <span class='ocrx_word' id='word_1_85' title='bbox 1263 1320 1402 1372; x_wconf 85' lang='lat' dir='ltr'><strong>ctacum</strong></span> <span class='ocrx_word' id='word_1_86' title='bbox 1422 1305 1577 1388; x_wconf 84' lang='lat' dir='ltr'><strong>principis</strong></span> <span class='ocrx_word' id='word_1_87' title='bbox 1596 1307 1775 1392; x_wconf 80' lang='lat' dir='ltr'><strong>cujuspiam</strong></span> <span class='ocrx_word' id='word_1_88' title='bbox 1794 1313 2007 1393; x_wconf 54' lang='lat' dir='ltr'><strong>uppem„</strong></span> 
     </span>
     <span class='ocr_line' id='line_1_10' title="bbox 458 1405 2007 1499; baseline -0.005 -21"><span class='ocrx_word' id='word_1_89' title='bbox 458 1435 537 1499; x_wconf 84' lang='lat' dir='ltr'><strong>quas</strong></span> <span class='ocrx_word' id='word_1_90' title='bbox 563 1433 658 1477; x_wconf 82' lang='lat' dir='ltr'><strong>voras</strong></span> <span class='ocrx_word' id='word_1_91' title='bbox 680 1409 821 1472; x_wconf 88' lang='lat' dir='ltr'><strong>credidit</strong></span> <span class='ocrx_word' id='word_1_92' title='bbox 841 1409 903 1470; x_wconf 84' lang='lat' dir='ltr'><strong>cel.</strong></span> <span class='ocrx_word' id='word_1_93' title='bbox 921 1405 1069 1470; x_wconf 80' lang='lat' dir='ltr'><strong>Andreas</strong></span> <span class='ocrx_word' id='word_1_94' title='bbox 1089 1406 1204 1470; x_wconf 86' lang='lat' dir='ltr'><strong>Schot-</strong></span> <span class='ocrx_word' id='word_1_95' title='bbox 1260 1414 1312 1482; x_wconf 82' lang='lat' dir='ltr'><strong>sa&#39;,</strong></span> <span class='ocrx_word' id='word_1_96' title='bbox 1341 1426 1424 1489; x_wconf 90' lang='lat' dir='ltr'><strong>quae</strong></span> <span class='ocrx_word' id='word_1_97' title='bbox 1454 1408 1622 1469; x_wconf 86' lang='lat' dir='ltr'><strong>luculente</strong></span> <span class='ocrx_word' id='word_1_98' title='bbox 1650 1421 1700 1470; x_wconf 90' lang='lat' dir='ltr'><strong>est</strong></span> <span class='ocrx_word' id='word_1_99' title='bbox 1730 1410 1883 1488; x_wconf 89' lang='lat' dir='ltr'><strong>alterius,</strong></span> <span class='ocrx_word' id='word_1_100' title='bbox 1914 1416 2007 1480; x_wconf 61' lang='lat' dir='ltr'><strong>inum.</strong></span> 
     </span>
     <span class='ocr_line' id='line_1_11' title="bbox 456 1497 2007 1603; baseline -0.003 -23"><span class='ocrx_word' id='word_1_101' title='bbox 456 1497 528 1591; x_wconf 84' lang='lat' dir='ltr'><strong>tua,</strong></span> <span class='ocrx_word' id='word_1_102' title='bbox 555 1528 683 1578; x_wconf 90' lang='lat' dir='ltr'><strong>etcum</strong></span> <span class='ocrx_word' id='word_1_103' title='bbox 706 1511 851 1574; x_wconf 88' lang='lat' dir='ltr'><strong>Grutero</strong></span> <span class='ocrx_word' id='word_1_104' title='bbox 873 1509 1182 1590; x_wconf 60' lang='lat' dir='ltr'><strong>communicatu).</strong></span> <span class='ocrx_word' id='word_1_105' title='bbox 1261 1528 1351 1571; x_wconf 87' lang='lat' dir='ltr'><strong>mera</strong></span> <span class='ocrx_word' id='word_1_106' title='bbox 1374 1506 1531 1571; x_wconf 85' lang='lat' dir='ltr'><strong>habemns</strong></span> <span class='ocrx_word' id='word_1_107' title='bbox 1554 1508 1713 1594; x_wconf 83' lang='lat' dir='ltr'><strong>exempla.</strong></span> <span class='ocrx_word' id='word_1_108' title='bbox 1760 1511 1923 1603; x_wconf 78' lang='lat' dir='ltr'><strong>Quocirca</strong></span> <span class='ocrx_word' id='word_1_109' title='bbox 1945 1539 2007 1582; x_wconf 85' lang='lat' dir='ltr'><strong>rm·</strong></span> 
     </span>
    </p>

    <p class='ocr_par' dir='ltr' id='par_1_4' title="bbox 521 1609 2007 1697">
     <span class='ocr_line' id='line_1_12' title="bbox 521 1609 2007 1697; baseline -0.005 -8"><span class='ocrx_word' id='word_1_110' title='bbox 521 1614 703 1680; x_wconf 70' lang='lat' dir='ltr'><strong>Ructat</strong></span> <span class='ocrx_word' id='word_1_111' title='bbox 724 1615 781 1688; x_wconf 74' lang='lat' dir='ltr'><strong>lv,</strong></span> <span class='ocrx_word' id='word_1_112' title='bbox 823 1615 1010 1675; x_wconf 85' lang='lat' dir='ltr'><strong>Doctrs&#39;aam</strong></span> <span class='ocrx_word' id='word_1_113' title='bbox 1038 1614 1134 1674; x_wconf 82' lang='lat' dir='ltr'><strong>certis</strong></span> <span class='ocrx_word' id='word_1_114' title='bbox 1164 1631 1204 1674; x_wconf 84' lang='lat' dir='ltr'><strong>ac</strong></span> <span class='ocrx_word' id='word_1_115' title='bbox 1261 1609 1308 1672; x_wconf 89' lang='lat' dir='ltr'><strong>mi</strong></span> <span class='ocrx_word' id='word_1_116' title='bbox 1336 1610 1476 1686; x_wconf 85' lang='lat' dir='ltr'><strong>similes,</strong></span> <span class='ocrx_word' id='word_1_117' title='bbox 1495 1610 1568 1677; x_wconf 83' lang='lat' dir='ltr'><strong>‚etsi</strong></span> <span class='ocrx_word' id='word_1_118' title='bbox 1597 1635 1615 1672; x_wconf 92' lang='lat' dir='ltr'><strong>a</strong></span> <span class='ocrx_word' id='word_1_119' title='bbox 1646 1611 1761 1674; x_wconf 88' lang='lat' dir='ltr'><strong>fraude</strong></span> <span class='ocrx_word' id='word_1_120' title='bbox 1790 1613 1855 1676; x_wconf 86' lang='lat' dir='ltr'><strong>aiut</strong></span> <span class='ocrx_word' id='word_1_121' title='bbox 1884 1617 2007 1697; x_wconf 83' lang='lat' dir='ltr'><strong>exImii,</strong></span> 
     </span>
    </p>
   </div>
   <div class='ocr_carea' id='block_1_4' title="bbox 455 1717 1204 2718">
    <p class='ocr_par' dir='ltr' id='par_1_5' title="bbox 456 1717 1204 2086">
     <span class='ocr_line' id='line_1_13' title="bbox 459 1717 1203 1799; baseline -0.013 -15"><span class='ocrx_word' id='word_1_122' title='bbox 459 1722 600 1799; x_wconf 77' lang='lat' dir='ltr'><strong>copiosis</strong></span> <span class='ocrx_word' id='word_1_123' title='bbox 624 1719 834 1780; x_wconf 69' lang='lat' dir='ltr'><strong>manumetis</strong></span> <span class='ocrx_word' id='word_1_124' title='bbox 856 1717 1017 1795; x_wconf 78' lang='lat' dir='ltr'><strong>firmatam</strong></span> <span class='ocrx_word' id='word_1_125' title='bbox 1042 1736 1106 1776; x_wconf 81' lang='lat' dir='ltr'><strong>nort</strong></span> <span class='ocrx_word' id='word_1_126' title='bbox 1129 1733 1203 1794; x_wconf 80' lang='lat' dir='ltr'><strong>pos-</strong></span> 
     </span>
     <span class='ocr_line' id='line_1_14' title="bbox 457 1819 1204 1896; baseline -0.013 -12"><span class='ocrx_word' id='word_1_127' title='bbox 457 1832 533 1884; x_wconf 81' lang='lat' dir='ltr'><strong>suat</strong></span> <span class='ocrx_word' id='word_1_128' title='bbox 560 1829 700 1882; x_wconf 83' lang='lat' dir='ltr'><strong>evertere</strong></span> <span class='ocrx_word' id='word_1_129' title='bbox 725 1819 932 1880; x_wconf 69' lang='lat' dir='ltr'><strong>adversantia</strong></span> <span class='ocrx_word' id='word_1_130' title='bbox 957 1819 1115 1896; x_wconf 80' lang='lat' dir='ltr'><strong>quaedam</strong></span> <span class='ocrx_word' id='word_1_131' title='bbox 1138 1833 1204 1875; x_wconf 83' lang='lat' dir='ltr'><strong>mo·</strong></span> 
     </span>
     <span class='ocr_line' id='line_1_15' title="bbox 456 1917 1204 1998; baseline -0.009 -15"><span class='ocrx_word' id='word_1_132' title='bbox 456 1931 609 1984; x_wconf 73' lang='lat' dir='ltr'><strong>aramenta</strong></span> <span class='ocrx_word' id='word_1_133' title='bbox 630 1924 695 1982; x_wconf 77' lang='lat' dir='ltr'><strong>ctas·</strong></span> <span class='ocrx_word' id='word_1_134' title='bbox 715 1929 821 1981; x_wconf 80' lang='lat' dir='ltr'><strong>certae</strong></span> <span class='ocrx_word' id='word_1_135' title='bbox 842 1917 1064 1998; x_wconf 70' lang='lat' dir='ltr'><em>antiquitatis,</em></span> <span class='ocrx_word' id='word_1_136' title='bbox 1087 1925 1119 1976; x_wconf 88' lang='lat' dir='ltr'><strong>et</strong></span> <span class='ocrx_word' id='word_1_137' title='bbox 1138 1934 1204 1976; x_wconf 84' lang='lat' dir='ltr'><strong>cer·</strong></span> 
     </span>
     <span class='ocr_line' id='line_1_16' title="bbox 457 2025 821 2086; baseline -0.016 0"><span class='ocrx_word' id='word_1_138' title='bbox 457 2034 492 2086; x_wconf 84' lang='lat' dir='ltr'><strong>tn</strong></span> <span class='ocrx_word' id='word_1_139' title='bbox 515 2026 709 2086; x_wconf 80' lang='lat' dir='ltr'><strong>auctoritato</strong></span> <span class='ocrx_word' id='word_1_140' title='bbox 729 2025 821 2082; x_wconf 80' lang='lat' dir='ltr'><strong>nica.</strong></span> 
     </span>
    </p>

    <p class='ocr_par' dir='ltr' id='par_1_6' title="bbox 455 2115 1203 2718">
     <span class='ocr_line' id='line_1_17' title="bbox 520 2115 1202 2202; baseline -0.009 -18"><span class='ocrx_word' id='word_1_141' title='bbox 520 2124 581 2184; x_wconf 86' lang='lat' dir='ltr'><strong>Est</strong></span> <span class='ocrx_word' id='word_1_142' title='bbox 596 2121 676 2184; x_wconf 87' lang='lat' dir='ltr'><strong>haec</strong></span> <span class='ocrx_word' id='word_1_143' title='bbox 691 2119 805 2202; x_wconf 79' lang='lat' dir='ltr'><strong>regula</strong></span> <span class='ocrx_word' id='word_1_144' title='bbox 822 2118 930 2199; x_wconf 80' lang='lat' dir='ltr'><strong>magni</strong></span> <span class='ocrx_word' id='word_1_145' title='bbox 943 2115 982 2180; x_wconf 92' lang='lat' dir='ltr'><strong>ad</strong></span> <span class='ocrx_word' id='word_1_146' title='bbox 998 2129 1202 2199; x_wconf 88' lang='lat' dir='ltr'><strong>praesentem</strong></span> 
     </span>
     <span class='ocr_line' id='line_1_18' title="bbox 456 2219 1202 2299; baseline -0.011 -9"><span class='ocrx_word' id='word_1_147' title='bbox 456 2223 557 2290; x_wconf 85' lang='lat' dir='ltr'><strong>crisin</strong></span> <span class='ocrx_word' id='word_1_148' title='bbox 577 2222 745 2286; x_wconf 80' lang='lat' dir='ltr'><strong>momenti.</strong></span> <span class='ocrx_word' id='word_1_149' title='bbox 790 2219 920 2284; x_wconf 84' lang='lat' dir='ltr'><strong>Habeat</strong></span> <span class='ocrx_word' id='word_1_150' title='bbox 942 2219 1069 2299; x_wconf 78' lang='lat' dir='ltr'><strong>singola</strong></span> <span class='ocrx_word' id='word_1_151' title='bbox 1093 2238 1202 2282; x_wconf 82' lang='lat' dir='ltr'><strong>musea</strong></span> 
     </span>
     <span class='ocr_line' id='line_1_19' title="bbox 455 2321 1203 2406; baseline -0.009 -16"><span class='ocrx_word' id='word_1_152' title='bbox 455 2346 573 2390; x_wconf 87' lang='lat' dir='ltr'><strong>numos</strong></span> <span class='ocrx_word' id='word_1_153' title='bbox 603 2323 829 2398; x_wconf 67' lang='lat' dir='ltr'><strong>refractarios,</strong></span> <span class='ocrx_word' id='word_1_154' title='bbox 861 2322 917 2406; x_wconf 89' lang='lat' dir='ltr'><strong>qui</strong></span> <span class='ocrx_word' id='word_1_155' title='bbox 937 2321 1021 2383; x_wconf 90' lang='lat' dir='ltr'><strong>nuIIi</strong></span> <span class='ocrx_word' id='word_1_156' title='bbox 1043 2340 1116 2382; x_wconf 90' lang='lat' dir='ltr'><strong>seae</strong></span> <span class='ocrx_word' id='word_1_157' title='bbox 1139 2322 1203 2384; x_wconf 90' lang='lat' dir='ltr'><strong>cal·</strong></span> 
     </span>
     <span class='ocr_line' id='line_1_20' title="bbox 455 2420 1203 2505; baseline -0.017 -10"><span class='ocrx_word' id='word_1_158' title='bbox 455 2429 534 2495; x_wconf 87' lang='lat' dir='ltr'><strong>oan</strong></span> <span class='ocrx_word' id='word_1_159' title='bbox 565 2426 831 2500; x_wconf 76' lang='lat' dir='ltr'><strong>adcommodant,</strong></span> <span class='ocrx_word' id='word_1_160' title='bbox 860 2444 967 2505; x_wconf 86' lang='lat' dir='ltr'><strong>neque</strong></span> <span class='ocrx_word' id='word_1_161' title='bbox 995 2422 1101 2486; x_wconf 88' lang='lat' dir='ltr'><strong>solum</strong></span> <span class='ocrx_word' id='word_1_162' title='bbox 1129 2420 1203 2484; x_wconf 88' lang='lat' dir='ltr'><strong>sub·</strong></span> 
     </span>
     <span class='ocr_line' id='line_1_21' title="bbox 457 2524 1202 2607; baseline -0.013 -11"><span class='ocrx_word' id='word_1_163' title='bbox 457 2544 601 2604; x_wconf 86' lang='lat' dir='ltr'><strong>aeratos,</strong></span> <span class='ocrx_word' id='word_1_164' title='bbox 634 2543 666 2592; x_wconf 87' lang='lat' dir='ltr'><strong>et</strong></span> <span class='ocrx_word' id='word_1_165' title='bbox 695 2525 950 2599; x_wconf 84' lang='lat' dir='ltr'><strong>semibarbaros,</strong></span> <span class='ocrx_word' id='word_1_166' title='bbox 981 2524 1124 2607; x_wconf 54' lang='lat' dir='ltr'><strong>quossi</strong></span> <span class='ocrx_word' id='word_1_167' title='bbox 1150 2545 1202 2586; x_wconf 89' lang='lat' dir='ltr'><strong>re·</strong></span> 
     </span>
     <span class='ocr_line' id='line_1_22' title="bbox 457 2625 1201 2718; baseline -0.015 -21"><span class='ocrx_word' id='word_1_168' title='bbox 457 2634 553 2718; x_wconf 79' lang='lat' dir='ltr'><strong>gulae</strong></span> <span class='ocrx_word' id='word_1_169' title='bbox 577 2633 617 2694; x_wconf 93' lang='lat' dir='ltr'><strong>II.</strong></span> <span class='ocrx_word' id='word_1_170' title='bbox 640 2647 704 2690; x_wconf 88' lang='lat' dir='ltr'><strong>uon</strong></span> <span class='ocrx_word' id='word_1_171' title='bbox 728 2647 800 2690; x_wconf 85' lang='lat' dir='ltr'><strong>esse</strong></span> <span class='ocrx_word' id='word_1_172' title='bbox 824 2625 1001 2689; x_wconf 83' lang='lat' dir='ltr'><strong>audiendos</strong></span> <span class='ocrx_word' id='word_1_173' title='bbox 1023 2625 1108 2702; x_wconf 82' lang='lat' dir='ltr'><strong>disi,</strong></span> <span class='ocrx_word' id='word_1_174' title='bbox 1142 2625 1201 2687; x_wconf 87' lang='lat' dir='ltr'><strong>sod</strong></span> 
     </span>
    </p>
   </div>
   <div class='ocr_carea' id='block_1_5' title="bbox 314 2725 1215 2816">
    <p class='ocr_par' dir='ltr' id='par_1_7' title="bbox 314 2725 1215 2816">
     <span class='ocr_line' id='line_1_23' title="bbox 314 2725 1215 2816; baseline -0.011 -17"><span class='ocrx_word' id='word_1_175' title='bbox 314 2751 326 2774; x_wconf 89' lang='lat'><strong>·</strong></span> <span class='ocrx_word' id='word_1_176' title='bbox 457 2748 492 2812; x_wconf 79' lang='lat' dir='ltr'><strong>et</strong></span> <span class='ocrx_word' id='word_1_177' title='bbox 513 2733 594 2795; x_wconf 86' lang='lat' dir='ltr'><strong>aIios</strong></span> <span class='ocrx_word' id='word_1_178' title='bbox 625 2727 715 2790; x_wconf 88' lang='lat' dir='ltr'><strong>nulla</strong></span> <span class='ocrx_word' id='word_1_179' title='bbox 745 2725 868 2790; x_wconf 82' lang='lat' dir='ltr'><strong>fraudIs</strong></span> <span class='ocrx_word' id='word_1_180' title='bbox 899 2727 1083 2810; x_wconf 80' lang='lat' dir='ltr'><strong>suspIcioua</strong></span> <span class='ocrx_word' id='word_1_181' title='bbox 1112 2739 1215 2816; x_wconf 19' lang='lat' dir='ltr'><strong>nota-n</strong></span> 
     </span>
    </p>
   </div>
   <div class='ocr_carea' id='block_1_6' title="bbox 369 2827 1201 4338">
    <p class='ocr_par' dir='ltr' id='par_1_8' title="bbox 452 2827 1201 3222">
     <span class='ocr_line' id='line_1_24' title="bbox 452 2827 1201 2908; baseline -0.011 -10"><span class='ocrx_word' id='word_1_182' title='bbox 452 2850 523 2908; x_wconf 81' lang='lat' dir='ltr'><strong>tos,</strong></span> <span class='ocrx_word' id='word_1_183' title='bbox 554 2845 588 2894; x_wconf 84' lang='lat' dir='ltr'><strong>ct</strong></span> <span class='ocrx_word' id='word_1_184' title='bbox 614 2827 708 2892; x_wconf 86' lang='lat' dir='ltr'><strong>nitidi</strong></span> <span class='ocrx_word' id='word_1_185' title='bbox 738 2829 921 2907; x_wconf 85' lang='lat' dir='ltr'><strong>commatis,</strong></span> <span class='ocrx_word' id='word_1_186' title='bbox 950 2843 1017 2894; x_wconf 91' lang='lat' dir='ltr'><strong>tum</strong></span> <span class='ocrx_word' id='word_1_187' title='bbox 1040 2843 1074 2892; x_wconf 92' lang='lat' dir='ltr'><strong>et</strong></span> <span class='ocrx_word' id='word_1_188' title='bbox 1096 2829 1201 2892; x_wconf 89' lang='lat' dir='ltr'><strong>omnis</strong></span> 
     </span>
     <span class='ocr_line' id='line_1_25' title="bbox 455 2929 1199 3025; baseline -0.009 -26"><span class='ocrx_word' id='word_1_189' title='bbox 455 2933 591 2998; x_wconf 77' lang='lat' dir='ltr'><strong>metalli.</strong></span> <span class='ocrx_word' id='word_1_190' title='bbox 625 2929 818 3025; x_wconf 77' lang='lat' dir='ltr'><strong>Quaeritur,</strong></span> <span class='ocrx_word' id='word_1_191' title='bbox 841 2951 923 3014; x_wconf 88' lang='lat' dir='ltr'><strong>quae</strong></span> <span class='ocrx_word' id='word_1_192' title='bbox 946 2932 987 2992; x_wconf 91' lang='lat' dir='ltr'><strong>sit</strong></span> <span class='ocrx_word' id='word_1_193' title='bbox 1008 2931 1058 2994; x_wconf 77' lang='lat' dir='ltr'><strong>hit</strong></span> <span class='ocrx_word' id='word_1_194' title='bbox 1080 2929 1113 2996; x_wconf 89' lang='lat' dir='ltr'><strong>iu</strong></span> <span class='ocrx_word' id='word_1_195' title='bbox 1136 2932 1199 2992; x_wconf 90' lang='lat' dir='ltr'><strong>hoo</strong></span> 
     </span>
     <span class='ocr_line' id='line_1_26' title="bbox 455 3031 1201 3100; baseline -0.004 -1"><span class='ocrx_word' id='word_1_196' title='bbox 455 3036 605 3100; x_wconf 84' lang='lat' dir='ltr'><strong>examine</strong></span> <span class='ocrx_word' id='word_1_197' title='bbox 649 3033 821 3096; x_wconf 87' lang='lat' dir='ltr'><strong>tribuenda</strong></span> <span class='ocrx_word' id='word_1_198' title='bbox 865 3031 1048 3096; x_wconf 85' lang='lat' dir='ltr'><strong>auctoritas.</strong></span> <span class='ocrx_word' id='word_1_199' title='bbox 1101 3032 1201 3096; x_wconf 64' lang='lat' dir='ltr'><strong>Actor</strong></span> 
     </span>
     <span class='ocr_line' id='line_1_27' title="bbox 456 3130 1200 3222; baseline -0.007 -22"><span class='ocrx_word' id='word_1_200' title='bbox 456 3158 552 3222; x_wconf 88' lang='lat' dir='ltr'><strong>quam</strong></span> <span class='ocrx_word' id='word_1_201' title='bbox 575 3134 780 3219; x_wconf 73' lang='lat' dir='ltr'><strong>respondeo,</strong></span> <span class='ocrx_word' id='word_1_202' title='bbox 803 3130 1145 3207; x_wconf 81' lang='lat' dir='ltr'><strong>animadvertendum,</strong></span> <span class='ocrx_word' id='word_1_203' title='bbox 1165 3132 1200 3196; x_wconf 91' lang='lat' dir='ltr'><strong>id</strong></span> 
     </span>
    </p>

    <p class='ocr_par' dir='ltr' id='par_1_9' title="bbox 369 3235 1201 4338">
     <span class='ocr_line' id='line_1_28' title="bbox 456 3235 1200 3324; baseline -0.005 -23"><span class='ocrx_word' id='word_1_204' title='bbox 456 3256 561 3324; x_wconf 72' lang='lat' dir='ltr'><strong>genus</strong></span> <span class='ocrx_word' id='word_1_205' title='bbox 583 3259 699 3302; x_wconf 87' lang='lat' dir='ltr'><strong>numos</strong></span> <span class='ocrx_word' id='word_1_206' title='bbox 721 3238 802 3299; x_wconf 87' lang='lat' dir='ltr'><strong>alios</strong></span> <span class='ocrx_word' id='word_1_207' title='bbox 826 3255 899 3298; x_wconf 84' lang='lat' dir='ltr'><strong>esse</strong></span> <span class='ocrx_word' id='word_1_208' title='bbox 921 3235 1119 3316; x_wconf 84' lang='lat' dir='ltr'><strong>singulares,</strong></span> <span class='ocrx_word' id='word_1_209' title='bbox 1146 3248 1200 3297; x_wconf 86' lang='lat' dir='ltr'><strong>aut</strong></span> 
     </span>
     <span class='ocr_line' id='line_1_29' title="bbox 369 3323 1201 3422; baseline -0.008 -15"><span class='ocrx_word' id='word_1_210' title='bbox 369 3323 375 3330; x_wconf 39' lang='grc'>’</span> <span class='ocrx_word' id='word_1_211' title='bbox 455 3363 531 3406; x_wconf 81' lang='lat' dir='ltr'><strong>turo</strong></span> <span class='ocrx_word' id='word_1_212' title='bbox 554 3359 668 3404; x_wconf 86' lang='lat' dir='ltr'><strong>eorum</strong></span> <span class='ocrx_word' id='word_1_213' title='bbox 692 3338 786 3422; x_wconf 88' lang='lat' dir='ltr'><strong>plura</strong></span> <span class='ocrx_word' id='word_1_214' title='bbox 806 3337 839 3398; x_wconf 89' lang='lat' dir='ltr'><strong>iu</strong></span> <span class='ocrx_word' id='word_1_215' title='bbox 869 3337 988 3400; x_wconf 80' lang='lat' dir='ltr'><strong>muscis</strong></span> <span class='ocrx_word' id='word_1_216' title='bbox 1009 3336 1123 3400; x_wconf 87' lang='lat' dir='ltr'><strong>haberi</strong></span> <span class='ocrx_word' id='word_1_217' title='bbox 1145 3357 1201 3402; x_wconf 81' lang='lat' dir='ltr'><strong>ex·</strong></span> 
     </span>
     <span class='ocr_line' id='line_1_30' title="bbox 456 3437 1199 3526; baseline -0.008 -18"><span class='ocrx_word' id='word_1_218' title='bbox 456 3443 629 3526; x_wconf 84' lang='lat' dir='ltr'><strong>empIaria,</strong></span> <span class='ocrx_word' id='word_1_219' title='bbox 660 3441 740 3504; x_wconf 85' lang='lat' dir='ltr'><strong>alios</strong></span> <span class='ocrx_word' id='word_1_220' title='bbox 771 3457 844 3501; x_wconf 84' lang='lat' dir='ltr'><strong>esse</strong></span> <span class='ocrx_word' id='word_1_221' title='bbox 874 3437 1006 3514; x_wconf 80' lang='lat' dir='ltr'><strong>obvios,</strong></span> <span class='ocrx_word' id='word_1_222' title='bbox 1038 3452 1072 3502; x_wconf 87' lang='lat' dir='ltr'><strong>et</strong></span> <span class='ocrx_word' id='word_1_223' title='bbox 1100 3439 1199 3523; x_wconf 78' lang='lat' dir='ltr'><strong>vulgo</strong></span> 
     </span>
     <span class='ocr_line' id='line_1_31' title="bbox 456 3541 1200 3626; baseline -0.007 -17"><span class='ocrx_word' id='word_1_224' title='bbox 456 3544 617 3626; x_wconf 81' lang='lat' dir='ltr'><strong>cognitos.</strong></span> <span class='ocrx_word' id='word_1_225' title='bbox 659 3543 784 3606; x_wconf 81' lang='lat' dir='ltr'><strong>Prioris</strong></span> <span class='ocrx_word' id='word_1_226' title='bbox 823 3541 955 3624; x_wconf 81' lang='lat' dir='ltr'><strong>generis</strong></span> <span class='ocrx_word' id='word_1_227' title='bbox 992 3561 1108 3604; x_wconf 87' lang='lat' dir='ltr'><strong>numos</strong></span> <span class='ocrx_word' id='word_1_228' title='bbox 1143 3561 1200 3604; x_wconf 82' lang='lat' dir='ltr'><strong>ne·</strong></span> 
     </span>
     <span class='ocr_line' id='line_1_32' title="bbox 453 3641 1200 3730; baseline -0.005 -22"><span class='ocrx_word' id='word_1_229' title='bbox 453 3667 615 3730; x_wconf 82' lang='lat' dir='ltr'><strong>quaquam</strong></span> <span class='ocrx_word' id='word_1_230' title='bbox 637 3645 765 3728; x_wconf 86' lang='lat' dir='ltr'><strong>iniquus</strong></span> <span class='ocrx_word' id='word_1_231' title='bbox 787 3643 886 3726; x_wconf 81' lang='lat' dir='ltr'><strong>judex</strong></span> <span class='ocrx_word' id='word_1_232' title='bbox 910 3641 1064 3718; x_wconf 75' lang='lat' dir='ltr'><strong>vitator,</strong></span> <span class='ocrx_word' id='word_1_233' title='bbox 1086 3643 1113 3704; x_wconf 91' lang='lat' dir='ltr'><strong>si</strong></span> <span class='ocrx_word' id='word_1_234' title='bbox 1133 3662 1200 3709; x_wconf 89' lang='lat' dir='ltr'><strong>mo·</strong></span> 
     </span>
     <span class='ocr_line' id='line_1_33' title="bbox 454 3743 1198 3830; baseline -0.001 -23"><span class='ocrx_word' id='word_1_235' title='bbox 454 3747 654 3812; x_wconf 81' lang='lat' dir='ltr'><strong>cetariorum</strong></span> <span class='ocrx_word' id='word_1_236' title='bbox 685 3748 801 3830; x_wconf 85' lang='lat' dir='ltr'><strong>culpae</strong></span> <span class='ocrx_word' id='word_1_237' title='bbox 833 3743 1023 3807; x_wconf 82' lang='lat' dir='ltr'><strong>tribuendos</strong></span> <span class='ocrx_word' id='word_1_238' title='bbox 1051 3743 1198 3820; x_wconf 86' lang='lat' dir='ltr'><strong>edixero,</strong></span> 
     </span>
     <span class='ocr_line' id='line_1_34' title="bbox 452 3845 1200 3932; baseline -0.008 -20"><span class='ocrx_word' id='word_1_239' title='bbox 452 3868 593 3932; x_wconf 82' lang='lat' dir='ltr'><strong>quorum</strong></span> <span class='ocrx_word' id='word_1_240' title='bbox 616 3848 694 3912; x_wconf 86' lang='lat' dir='ltr'><strong>alias</strong></span> <span class='ocrx_word' id='word_1_241' title='bbox 717 3847 847 3930; x_wconf 83' lang='lat' dir='ltr'><strong>cognita</strong></span> <span class='ocrx_word' id='word_1_242' title='bbox 878 3869 942 3911; x_wconf 89' lang='lat' dir='ltr'><strong>non</strong></span> <span class='ocrx_word' id='word_1_243' title='bbox 965 3865 1041 3909; x_wconf 90' lang='lat' dir='ltr'><strong>raro</strong></span> <span class='ocrx_word' id='word_1_244' title='bbox 1063 3845 1200 3910; x_wconf 83' lang='lat' dir='ltr'><strong>oscitan-</strong></span> 
     </span>
     <span class='ocr_line' id='line_1_35' title="bbox 453 3949 1199 4034; baseline -0.003 -22"><span class='ocrx_word' id='word_1_245' title='bbox 453 3950 515 4026; x_wconf 85' lang='lat' dir='ltr'><strong>tis,</strong></span> <span class='ocrx_word' id='word_1_246' title='bbox 540 3963 572 4013; x_wconf 85' lang='lat' dir='ltr'><strong>et</strong></span> <span class='ocrx_word' id='word_1_247' title='bbox 591 3971 728 4034; x_wconf 89' lang='lat' dir='ltr'><strong>quorum</strong></span> <span class='ocrx_word' id='word_1_248' title='bbox 751 3949 939 4014; x_wconf 82' lang='lat' dir='ltr'><strong>manifestos</strong></span> <span class='ocrx_word' id='word_1_249' title='bbox 958 3949 1065 4030; x_wconf 86' lang='lat' dir='ltr'><strong>Iapsus</strong></span> <span class='ocrx_word' id='word_1_250' title='bbox 1082 3949 1118 4010; x_wconf 90' lang='lat' dir='ltr'><strong>in</strong></span> <span class='ocrx_word' id='word_1_251' title='bbox 1136 3949 1199 4010; x_wconf 87' lang='lat' dir='ltr'><strong>siu·</strong></span> 
     </span>
     <span class='ocr_line' id='line_1_36' title="bbox 454 4049 1199 4140; baseline 0.003 -28"><span class='ocrx_word' id='word_1_252' title='bbox 454 4051 561 4133; x_wconf 77' lang='lat' dir='ltr'><strong>guiari</strong></span> <span class='ocrx_word' id='word_1_253' title='bbox 581 4071 702 4131; x_wconf 85' lang='lat' dir='ltr'><strong>¹opora</strong></span> <span class='ocrx_word' id='word_1_254' title='bbox 740 4054 869 4134; x_wconf 87' lang='lat' dir='ltr'><strong>aperuit</strong></span> <span class='ocrx_word' id='word_1_255' title='bbox 903 4053 1057 4140; x_wconf 81' lang='lat' dir='ltr'><strong>Erasmus</strong></span> <span class='ocrx_word' id='word_1_256' title='bbox 1092 4051 1119 4112; x_wconf 87' lang='lat' dir='ltr'>F</span> <span class='ocrx_word' id='word_1_257' title='bbox 1123 4049 1199 4114; x_wconf 78' lang='lat' dir='ltr'><strong>roti-</strong></span> 
     </span>
     <span class='ocr_line' id='line_1_37' title="bbox 452 4151 1200 4218; baseline 0.001 -2"><span class='ocrx_word' id='word_1_258' title='bbox 452 4151 557 4216; x_wconf 86' lang='lat' dir='ltr'><strong>cths.</strong></span> <span class='ocrx_word' id='word_1_259' title='bbox 597 4153 678 4214; x_wconf 86' lang='lat' dir='ltr'><strong>Nam</strong></span> <span class='ocrx_word' id='word_1_260' title='bbox 698 4154 726 4214; x_wconf 91' lang='lat' dir='ltr'><strong>si</strong></span> <span class='ocrx_word' id='word_1_261' title='bbox 745 4173 775 4218; x_wconf 79' lang='lat' dir='ltr'><strong>v.</strong></span> <span class='ocrx_word' id='word_1_262' title='bbox 794 4175 823 4217; x_wconf 76' lang='lat' dir='ltr'><strong>c.</strong></span> <span class='ocrx_word' id='word_1_263' title='bbox 840 4154 872 4214; x_wconf 91' lang='lat' dir='ltr'><strong>in</strong></span> <span class='ocrx_word' id='word_1_264' title='bbox 890 4173 988 4215; x_wconf 84' lang='lat' dir='ltr'><strong>numo</strong></span> <span class='ocrx_word' id='word_1_265' title='bbox 1004 4173 1108 4218; x_wconf 85' lang='lat' dir='ltr'><strong>aeaco</strong></span> <span class='ocrx_word' id='word_1_266' title='bbox 1123 4155 1200 4217; x_wconf 78' lang='lat' dir='ltr'><strong>ala-</strong></span> 
     </span>
     <span class='ocr_line' id='line_1_38' title="bbox 452 4251 1199 4338; baseline -0.001 -20"><span class='ocrx_word' id='word_1_267' title='bbox 452 4251 568 4318; x_wconf 86' lang='lat' dir='ltr'><strong>xandri</strong></span> <span class='ocrx_word' id='word_1_268' title='bbox 606 4252 743 4327; x_wconf 81' lang='lat' dir='ltr'><strong>SeserI,</strong></span> <span class='ocrx_word' id='word_1_269' title='bbox 783 4274 890 4338; x_wconf 86' lang='lat' dir='ltr'><strong>eoque</strong></span> <span class='ocrx_word' id='word_1_270' title='bbox 933 4253 1027 4315; x_wconf 78' lang='lat' dir='ltr'><strong>uiIIdi</strong></span> <span class='ocrx_word' id='word_1_271' title='bbox 1066 4255 1199 4332; x_wconf 86' lang='lat' dir='ltr'><strong>laboris,</strong></span> 
     </span>
    </p>
   </div>
   <div class='ocr_carea' id='block_1_7' title="bbox 1259 1710 2010 2505">
    <p class='ocr_par' dir='ltr' id='par_1_10' title="bbox 1259 1710 2010 2505">
     <span class='ocr_line' id='line_1_39' title="bbox 1262 1710 2006 1796; baseline 0.013 -24"><span class='ocrx_word' id='word_1_272' title='bbox 1262 1723 1323 1773; x_wconf 90' lang='lat' dir='ltr'><strong>tam</strong></span> <span class='ocrx_word' id='word_1_273' title='bbox 1359 1731 1472 1796; x_wconf 84' lang='lat' dir='ltr'><strong>parum</strong></span> <span class='ocrx_word' id='word_1_274' title='bbox 1506 1710 1616 1775; x_wconf 80' lang='lat' dir='ltr'><strong>valeat</strong></span> <span class='ocrx_word' id='word_1_275' title='bbox 1652 1733 1711 1776; x_wconf 86' lang='lat' dir='ltr'><strong>seu</strong></span> <span class='ocrx_word' id='word_1_276' title='bbox 1747 1713 1788 1776; x_wconf 88' lang='lat' dir='ltr'><strong>sd</strong></span> <span class='ocrx_word' id='word_1_277' title='bbox 1823 1715 2006 1784; x_wconf 75' lang='lat' dir='ltr'><strong>factendam</strong></span> 
     </span>
     <span class='ocr_line' id='line_1_40' title="bbox 1261 1811 2004 1890; baseline 0.015 -17"><span class='ocrx_word' id='word_1_278' title='bbox 1261 1811 1379 1890; x_wconf 86' lang='lat' dir='ltr'><strong>fidem,</strong></span> <span class='ocrx_word' id='word_1_279' title='bbox 1420 1833 1478 1876; x_wconf 86' lang='lat' dir='ltr'><strong>seu</strong></span> <span class='ocrx_word' id='word_1_280' title='bbox 1509 1813 1550 1878; x_wconf 87' lang='lat' dir='ltr'><strong>ad</strong></span> <span class='ocrx_word' id='word_1_281' title='bbox 1579 1812 1802 1878; x_wconf 81' lang='lat' dir='ltr'><strong>infirmandam</strong></span> <span class='ocrx_word' id='word_1_282' title='bbox 1833 1818 2004 1886; x_wconf 81' lang='lat' dir='ltr'><strong>advorsum</strong></span> 
     </span>
     <span class='ocr_line' id='line_1_41' title="bbox 1261 1915 2007 1998; baseline 0.007 -19"><span class='ocrx_word' id='word_1_283' title='bbox 1261 1915 1471 1990; x_wconf 84' lang='lat' dir='ltr'><strong>seutentiam,</strong></span> <span class='ocrx_word' id='word_1_284' title='bbox 1503 1935 1597 1997; x_wconf 85' lang='lat' dir='ltr'><strong>quam</strong></span> <span class='ocrx_word' id='word_1_285' title='bbox 1628 1938 1740 1998; x_wconf 88' lang='lat' dir='ltr'><strong>parum</strong></span> <span class='ocrx_word' id='word_1_286' title='bbox 1771 1919 1893 1981; x_wconf 83' lang='lat' dir='ltr'><strong>veteris</strong></span> <span class='ocrx_word' id='word_1_287' title='bbox 1920 1917 2007 1984; x_wconf 81' lang='lat' dir='ltr'><strong>irau-</strong></span> 
     </span>
     <span class='ocr_line' id='line_1_42' title="bbox 1261 2016 2005 2102; baseline 0.013 -24"><span class='ocrx_word' id='word_1_288' title='bbox 1261 2016 1310 2078; x_wconf 88' lang='lat' dir='ltr'><strong>dis</strong></span> <span class='ocrx_word' id='word_1_289' title='bbox 1341 2018 1431 2079; x_wconf 90' lang='lat' dir='ltr'><strong>numi</strong></span> <span class='ocrx_word' id='word_1_290' title='bbox 1460 2017 1640 2092; x_wconf 79' lang='lat' dir='ltr'><strong>subaemri,</strong></span> <span class='ocrx_word' id='word_1_291' title='bbox 1672 2037 1744 2079; x_wconf 92' lang='lat' dir='ltr'><strong>cum</strong></span> <span class='ocrx_word' id='word_1_292' title='bbox 1767 2020 1904 2102; x_wconf 83' lang='lat' dir='ltr'><strong>perinde</strong></span> <span class='ocrx_word' id='word_1_293' title='bbox 1927 2043 2005 2088; x_wconf 85' lang='lat' dir='ltr'><strong>sane</strong></span> 
     </span>
     <span class='ocr_line' id='line_1_43' title="bbox 1261 2119 2004 2200; baseline 0.007 -19"><span class='ocrx_word' id='word_1_294' title='bbox 1261 2119 1320 2195; x_wconf 89' lang='lat' dir='ltr'><strong>sit,</strong></span> <span class='ocrx_word' id='word_1_295' title='bbox 1349 2131 1457 2181; x_wconf 88' lang='lat' dir='ltr'><strong>utrum</strong></span> <span class='ocrx_word' id='word_1_296' title='bbox 1488 2139 1604 2180; x_wconf 89' lang='lat' dir='ltr'><strong>numus</strong></span> <span class='ocrx_word' id='word_1_297' title='bbox 1635 2119 1808 2181; x_wconf 77' lang='lat' dir='ltr'><strong>monetarii</strong></span> <span class='ocrx_word' id='word_1_298' title='bbox 1836 2119 1933 2200; x_wconf 85' lang='lat' dir='ltr'><strong>dolo,</strong></span> <span class='ocrx_word' id='word_1_299' title='bbox 1964 2143 2004 2186; x_wconf 85' lang='lat' dir='ltr'><strong>an</strong></span> 
     </span>
     <span class='ocr_line' id='line_1_44' title="bbox 1259 2217 2005 2307; baseline 0.009 -27"><span class='ocrx_word' id='word_1_300' title='bbox 1259 2219 1385 2284; x_wconf 89' lang='lat' dir='ltr'><strong>incuria</strong></span> <span class='ocrx_word' id='word_1_301' title='bbox 1407 2218 1522 2281; x_wconf 86' lang='lat' dir='ltr'><strong>IaIsum</strong></span> <span class='ocrx_word' id='word_1_302' title='bbox 1547 2217 1673 2285; x_wconf 85' lang='lat' dir='ltr'><strong>efferat.</strong></span> <span class='ocrx_word' id='word_1_303' title='bbox 1704 2221 1807 2298; x_wconf 80' lang='lat' dir='ltr'><strong>Novi,</strong></span> <span class='ocrx_word' id='word_1_304' title='bbox 1829 2222 1924 2307; x_wconf 88' lang='lat' dir='ltr'><strong>hujus</strong></span> <span class='ocrx_word' id='word_1_305' title='bbox 1942 2225 2005 2289; x_wconf 84' lang='lat' dir='ltr'><strong>far-</strong></span> 
     </span>
     <span class='ocr_line' id='line_1_45' title="bbox 1259 2323 2010 2416; baseline 0.005 -32"><span class='ocrx_word' id='word_1_306' title='bbox 1259 2323 1306 2385; x_wconf 87' lang='lat' dir='ltr'><strong>ris</strong></span> <span class='ocrx_word' id='word_1_307' title='bbox 1336 2341 1483 2416; x_wconf 83' lang='lat' dir='ltr'><strong>mercem</strong></span> <span class='ocrx_word' id='word_1_308' title='bbox 1513 2339 1579 2382; x_wconf 90' lang='lat' dir='ltr'><strong>non</strong></span> <span class='ocrx_word' id='word_1_309' title='bbox 1609 2342 1702 2394; x_wconf 80' lang='lat' dir='ltr'><strong>raro.</strong></span> <span class='ocrx_word' id='word_1_310' title='bbox 1737 2334 1771 2385; x_wconf 89' lang='lat' dir='ltr'><strong>et</strong></span> <span class='ocrx_word' id='word_1_311' title='bbox 1801 2344 1899 2410; x_wconf 86' lang='lat' dir='ltr'><strong>saepe</strong></span> <span class='ocrx_word' id='word_1_312' title='bbox 1930 2347 2010 2390; x_wconf 85' lang='lat' dir='ltr'><strong>oum</strong></span> 
     </span>
     <span class='ocr_line' id='line_1_46' title="bbox 1259 2420 2005 2505; baseline 0.011 -21"><span class='ocrx_word' id='word_1_313' title='bbox 1259 2422 1349 2484; x_wconf 86' lang='lat' dir='ltr'><strong>hiatu</strong></span> <span class='ocrx_word' id='word_1_314' title='bbox 1380 2420 1588 2505; x_wconf 70' lang='lat' dir='ltr'><strong>approbatam</strong></span> <span class='ocrx_word' id='word_1_315' title='bbox 1618 2422 1657 2482; x_wconf 87' lang='lat' dir='ltr'><strong>ab</strong></span> <span class='ocrx_word' id='word_1_316' title='bbox 1679 2423 1871 2503; x_wconf 79' lang='lat' dir='ltr'><strong>Haeduico,</strong></span> <span class='ocrx_word' id='word_1_317' title='bbox 1900 2428 2005 2492; x_wconf 84' lang='lat' dir='ltr'><strong>Pano·</strong></span> 
     </span>
    </p>
   </div>
   <div class='ocr_carea' id='block_1_8' title="bbox 1253 2523 2005 2612">
    <p class='ocr_par' dir='ltr' id='par_1_11' title="bbox 1253 2523 2005 2612">
     <span class='ocr_line' id='line_1_47' title="bbox 1253 2523 2005 2612; baseline 0.017 -34"><span class='ocrx_word' id='word_1_318' title='bbox 1253 2523 1324 2598; x_wconf 88' lang='lat' dir='ltr'><strong>.lio‚</strong></span> <span class='ocrx_word' id='word_1_319' title='bbox 1354 2523 1491 2606; x_wconf 85' lang='lat' dir='ltr'><strong>aliisque</strong></span> <span class='ocrx_word' id='word_1_320' title='bbox 1521 2523 1708 2600; x_wconf 85' lang='lat' dir='ltr'><strong>nonnullis,</strong></span> <span class='ocrx_word' id='word_1_321' title='bbox 1739 2526 2005 2612; x_wconf 78' lang='lat' dir='ltr'><strong>nimirum¹qnod</strong></span> 
     </span>
    </p>
   </div>
   <div class='ocr_carea' id='block_1_9' title="bbox 1256 2624 2004 3932">
    <p class='ocr_par' dir='ltr' id='par_1_12' title="bbox 1256 2624 2004 3932">
     <span class='ocr_line' id='line_1_48' title="bbox 1257 2624 2004 2706; baseline 0.011 -20"><span class='ocrx_word' id='word_1_322' title='bbox 1257 2624 1479 2706; x_wconf 83' lang='lat' dir='ltr'><strong>singularibus</strong></span> <span class='ocrx_word' id='word_1_323' title='bbox 1515 2624 1588 2687; x_wconf 29' lang='lat' dir='ltr'><strong>,suis</strong></span> <span class='ocrx_word' id='word_1_324' title='bbox 1632 2627 1802 2689; x_wconf 77' lang='lat' dir='ltr'><strong>sententiis</strong></span> <span class='ocrx_word' id='word_1_325' title='bbox 1845 2628 2004 2706; x_wconf 76' lang='lat' dir='ltr'><strong>faverent,</strong></span> 
     </span>
     <span class='ocr_line' id='line_1_49' title="bbox 1257 2725 2002 2812; baseline 0.004 -25"><span class='ocrx_word' id='word_1_326' title='bbox 1257 2747 1337 2811; x_wconf 86' lang='lat' dir='ltr'><strong>quas</strong></span> <span class='ocrx_word' id='word_1_327' title='bbox 1352 2747 1449 2789; x_wconf 90' lang='lat' dir='ltr'><strong>nemo</strong></span> <span class='ocrx_word' id='word_1_328' title='bbox 1465 2726 1561 2801; x_wconf 83' lang='lat' dir='ltr'><strong>alius,</strong></span> <span class='ocrx_word' id='word_1_329' title='bbox 1584 2739 1618 2788; x_wconf 90' lang='lat' dir='ltr'><strong>et</strong></span> <span class='ocrx_word' id='word_1_330' title='bbox 1632 2725 1776 2810; x_wconf 82' lang='lat' dir='ltr'><strong>fortene</strong></span> <span class='ocrx_word' id='word_1_331' title='bbox 1792 2729 1853 2812; x_wconf 86' lang='lat' dir='ltr'><strong>ipsi</strong></span> <span class='ocrx_word' id='word_1_332' title='bbox 1868 2728 2002 2812; x_wconf 88' lang='lat' dir='ltr'><strong>quidem</strong></span> 
     </span>
     <span class='ocr_line' id='line_1_50' title="bbox 1258 2829 2004 2912; baseline 0.008 -22"><span class='ocrx_word' id='word_1_333' title='bbox 1258 2842 1409 2892; x_wconf 87' lang='lat' dir='ltr'><strong>auctores</strong></span> <span class='ocrx_word' id='word_1_334' title='bbox 1431 2849 1524 2894; x_wconf 81' lang='lat' dir='ltr'><strong>voras</strong></span> <span class='ocrx_word' id='word_1_335' title='bbox 1542 2829 1628 2892; x_wconf 86' lang='lat' dir='ltr'><strong>Iorte</strong></span> <span class='ocrx_word' id='word_1_336' title='bbox 1646 2830 1838 2912; x_wconf 82' lang='lat' dir='ltr'><strong>putaverint.</strong></span> <span class='ocrx_word' id='word_1_337' title='bbox 1881 2833 1925 2893; x_wconf 78' lang='lat' dir='ltr'><strong>Aa</strong></span> <span class='ocrx_word' id='word_1_338' title='bbox 1946 2851 2004 2896; x_wconf 80' lang='lat' dir='ltr'><strong>vo·</strong></span> 
     </span>
     <span class='ocr_line' id='line_1_51' title="bbox 1257 2929 2003 3015; baseline 0.001 -22"><span class='ocrx_word' id='word_1_339' title='bbox 1257 2951 1313 3006; x_wconf 88' lang='lat' dir='ltr'><strong>ro,</strong></span> <span class='ocrx_word' id='word_1_340' title='bbox 1345 2933 1400 3015; x_wconf 88' lang='lat' dir='ltr'><strong>qui</strong></span> <span class='ocrx_word' id='word_1_341' title='bbox 1430 2949 1506 2993; x_wconf 84' lang='lat' dir='ltr'><strong>sana</strong></span> <span class='ocrx_word' id='word_1_342' title='bbox 1535 2929 1739 3013; x_wconf 86' lang='lat' dir='ltr'><strong>judicabunt,</strong></span> <span class='ocrx_word' id='word_1_343' title='bbox 1767 2950 1898 2994; x_wconf 86' lang='lat' dir='ltr'><strong>mecum</strong></span> <span class='ocrx_word' id='word_1_344' title='bbox 1926 2951 2003 2996; x_wconf 88' lang='lat' dir='ltr'><strong>con·</strong></span> 
     </span>
     <span class='ocr_line' id='line_1_52' title="bbox 1258 3029 2002 3120; baseline 0.003 -25"><span class='ocrx_word' id='word_1_345' title='bbox 1258 3029 1399 3095; x_wconf 87' lang='lat' dir='ltr'><strong>sentient</strong></span> <span class='ocrx_word' id='word_1_346' title='bbox 1421 3051 1551 3107; x_wconf 85' lang='lat' dir='ltr'><strong>omnes,</strong></span> <span class='ocrx_word' id='word_1_347' title='bbox 1580 3053 1709 3097; x_wconf 88' lang='lat' dir='ltr'><strong>omnem</strong></span> <span class='ocrx_word' id='word_1_348' title='bbox 1731 3032 1797 3095; x_wconf 83' lang='lat' dir='ltr'><strong>iliis</strong></span> <span class='ocrx_word' id='word_1_349' title='bbox 1818 3035 2002 3120; x_wconf 76' lang='lat' dir='ltr'><strong>negandam</strong></span> 
     </span>
     <span class='ocr_line' id='line_1_53' title="bbox 1258 3134 2003 3220; baseline 0.003 -24"><span class='ocrx_word' id='word_1_350' title='bbox 1258 3135 1500 3208; x_wconf 86' lang='lat' dir='ltr'><strong>auctoritatem,</strong></span> <span class='ocrx_word' id='word_1_351' title='bbox 1528 3147 1560 3196; x_wconf 88' lang='lat' dir='ltr'><strong>et</strong></span> <span class='ocrx_word' id='word_1_352' title='bbox 1583 3134 1671 3217; x_wconf 86' lang='lat' dir='ltr'><strong>quod</strong></span> <span class='ocrx_word' id='word_1_353' title='bbox 1693 3157 1790 3218; x_wconf 88' lang='lat' dir='ltr'><strong>supra</strong></span> <span class='ocrx_word' id='word_1_354' title='bbox 1810 3139 2003 3220; x_wconf 86' lang='lat' dir='ltr'><strong>pronuncia·</strong></span> 
     </span>
     <span class='ocr_line' id='line_1_54' title="bbox 1257 3237 2002 3317; baseline 0.005 -21"><span class='ocrx_word' id='word_1_355' title='bbox 1257 3253 1389 3310; x_wconf 83' lang='lat' dir='ltr'><strong>veram,</strong></span> <span class='ocrx_word' id='word_1_356' title='bbox 1420 3255 1486 3296; x_wconf 87' lang='lat' dir='ltr'><strong>non</strong></span> <span class='ocrx_word' id='word_1_357' title='bbox 1516 3254 1613 3317; x_wconf 88' lang='lat' dir='ltr'><strong>posse</strong></span> <span class='ocrx_word' id='word_1_358' title='bbox 1647 3251 1799 3299; x_wconf 82' lang='lat' dir='ltr'><strong>evertere</strong></span> <span class='ocrx_word' id='word_1_359' title='bbox 1824 3237 2002 3301; x_wconf 82' lang='lat' dir='ltr'><strong>doctrinam</strong></span> 
     </span>
     <span class='ocr_line' id='line_1_55' title="bbox 1257 3336 2004 3419; baseline 0 -19"><span class='ocrx_word' id='word_1_360' title='bbox 1257 3337 1357 3400; x_wconf 87' lang='lat' dir='ltr'><strong>certia</strong></span> <span class='ocrx_word' id='word_1_361' title='bbox 1380 3351 1414 3399; x_wconf 89' lang='lat' dir='ltr'><strong>et</strong></span> <span class='ocrx_word' id='word_1_362' title='bbox 1435 3338 1576 3419; x_wconf 80' lang='lat' dir='ltr'><strong>copiosis</strong></span> <span class='ocrx_word' id='word_1_363' title='bbox 1598 3336 1671 3399; x_wconf 87' lang='lat' dir='ltr'><strong>aliis</strong></span> <span class='ocrx_word' id='word_1_364' title='bbox 1693 3339 1910 3402; x_wconf 85' lang='lat' dir='ltr'><strong>monumentis</strong></span> <span class='ocrx_word' id='word_1_365' title='bbox 1930 3359 2004 3402; x_wconf 91' lang='lat' dir='ltr'><strong>con·</strong></span> 
     </span>
     <span class='ocr_line' id='line_1_56' title="bbox 1256 3437 2003 3524; baseline 0.003 -24"><span class='ocrx_word' id='word_1_366' title='bbox 1256 3437 1425 3502; x_wconf 84' lang='lat' dir='ltr'><strong>firmatam.</strong></span> <span class='ocrx_word' id='word_1_367' title='bbox 1469 3438 1617 3502; x_wconf 79' lang='lat' dir='ltr'><strong>Alterum</strong></span> <span class='ocrx_word' id='word_1_368' title='bbox 1641 3461 1763 3524; x_wconf 82' lang='lat' dir='ltr'><strong>genus,</strong></span> <span class='ocrx_word' id='word_1_369' title='bbox 1788 3458 1824 3506; x_wconf 91' lang='lat' dir='ltr'><strong>ut</strong></span> <span class='ocrx_word' id='word_1_370' title='bbox 1846 3441 1931 3515; x_wconf 82' lang='lat' dir='ltr'><strong>dixi,</strong></span> <span class='ocrx_word' id='word_1_371' title='bbox 1954 3453 2003 3504; x_wconf 86' lang='lat' dir='ltr'><strong>cst</strong></span> 
     </span>
     <span class='ocr_line' id='line_1_57' title="bbox 1257 3543 2004 3627; baseline 0.003 -23"><span class='ocrx_word' id='word_1_372' title='bbox 1257 3560 1371 3604; x_wconf 88' lang='lat' dir='ltr'><strong>eorum</strong></span> <span class='ocrx_word' id='word_1_373' title='bbox 1402 3559 1594 3618; x_wconf 82' lang='lat' dir='ltr'><strong>armorum,</strong></span> <span class='ocrx_word' id='word_1_374' title='bbox 1628 3543 1683 3624; x_wconf 91' lang='lat' dir='ltr'><strong>qui</strong></span> <span class='ocrx_word' id='word_1_375' title='bbox 1713 3565 1780 3608; x_wconf 91' lang='lat' dir='ltr'><strong>non</strong></span> <span class='ocrx_word' id='word_1_376' title='bbox 1811 3544 2004 3627; x_wconf 81' lang='lat' dir='ltr'><strong>singulares,</strong></span> 
     </span>
     <span class='ocr_line' id='line_1_58' title="bbox 1256 3642 2002 3729; baseline 0.005 -25"><span class='ocrx_word' id='word_1_377' title='bbox 1256 3643 1315 3704; x_wconf 87' lang='lat' dir='ltr'><strong>sed</strong></span> <span class='ocrx_word' id='word_1_378' title='bbox 1330 3642 1590 3728; x_wconf 83' lang='lat' dir='ltr'><strong>frequentiores,</strong></span> <span class='ocrx_word' id='word_1_379' title='bbox 1608 3644 1684 3726; x_wconf 86' lang='lat' dir='ltr'><strong>quin</strong></span> <span class='ocrx_word' id='word_1_380' title='bbox 1701 3665 1798 3729; x_wconf 86' lang='lat' dir='ltr'><strong>saepe</strong></span> <span class='ocrx_word' id='word_1_381' title='bbox 1815 3646 1903 3708; x_wconf 85' lang='lat' dir='ltr'><strong>obvii</strong></span> <span class='ocrx_word' id='word_1_382' title='bbox 1918 3657 2002 3720; x_wconf 90' lang='lat' dir='ltr'><strong>sunt,</strong></span> 
     </span>
     <span class='ocr_line' id='line_1_59' title="bbox 1257 3743 2002 3822; baseline -0.008 -12"><span class='ocrx_word' id='word_1_383' title='bbox 1257 3765 1294 3810; x_wconf 90' lang='lat' dir='ltr'><strong>ac</strong></span> <span class='ocrx_word' id='word_1_384' title='bbox 1318 3744 1401 3822; x_wconf 86' lang='lat' dir='ltr'><strong>triti,</strong></span> <span class='ocrx_word' id='word_1_385' title='bbox 1425 3759 1460 3809; x_wconf 89' lang='lat' dir='ltr'><strong>et</strong></span> <span class='ocrx_word' id='word_1_386' title='bbox 1479 3743 1774 3812; x_wconf 79' lang='lat' dir='ltr'><strong>doctrinaeoeters</strong></span> <span class='ocrx_word' id='word_1_387' title='bbox 1792 3746 1896 3810; x_wconf 86' lang='lat' dir='ltr'><strong>solida</strong></span> <span class='ocrx_word' id='word_1_388' title='bbox 1915 3765 2002 3806; x_wconf 86' lang='lat' dir='ltr'><strong>com-</strong></span> 
     </span>
     <span class='ocr_line' id='line_1_60' title="bbox 1256 3845 2003 3932; baseline -0.003 -22"><span class='ocrx_word' id='word_1_389' title='bbox 1256 3847 1412 3932; x_wconf 87' lang='lat' dir='ltr'><strong>probatas</strong></span> <span class='ocrx_word' id='word_1_390' title='bbox 1443 3861 1636 3932; x_wconf 81' lang='lat' dir='ltr'><strong>repugnant.</strong></span> <span class='ocrx_word' id='word_1_391' title='bbox 1660 3849 1732 3930; x_wconf 79' lang='lat' dir='ltr'><strong>¹Eu</strong></span> <span class='ocrx_word' id='word_1_392' title='bbox 1764 3847 1822 3910; x_wconf 84' lang='lat' dir='ltr'><strong>tibi</strong></span> <span class='ocrx_word' id='word_1_393' title='bbox 1851 3845 2003 3927; x_wconf 81' lang='lat' dir='ltr'><strong>exempla-</strong></span> 
     </span>
    </p>
   </div>
   <div class='ocr_carea' id='block_1_10' title="bbox 1253 3947 2003 4034">
    <p class='ocr_par' dir='ltr' id='par_1_13' title="bbox 1253 3947 2003 4034">
     <span class='ocr_line' id='line_1_61' title="bbox 1253 3947 2003 4034; baseline -0.008 -20"><span class='ocrx_word' id='word_1_394' title='bbox 1253 3949 1396 4034; x_wconf 83' lang='lat' dir='ltr'><strong>aiiquott</strong></span> <span class='ocrx_word' id='word_1_395' title='bbox 1429 3949 1462 4010; x_wconf 92' lang='lat' dir='ltr'><strong>in</strong></span> <span class='ocrx_word' id='word_1_396' title='bbox 1494 3949 1642 4032; x_wconf 83' lang='lat' dir='ltr'><strong>pluribus</strong></span> <span class='ocrx_word' id='word_1_397' title='bbox 1673 3948 1891 4011; x_wconf 88' lang='lat' dir='ltr'><strong>monumentis</strong></span> <span class='ocrx_word' id='word_1_398' title='bbox 1922 3947 2003 4008; x_wconf 89' lang='lat' dir='ltr'><strong>anti-</strong></span> 
     </span>
    </p>
   </div>
   <div class='ocr_carea' id='block_1_11' title="bbox 1256 4049 2001 4337">
    <p class='ocr_par' dir='ltr' id='par_1_14' title="bbox 1256 4049 2001 4337">
     <span class='ocr_line' id='line_1_62' title="bbox 1257 4049 2001 4134; baseline -0.003 -22"><span class='ocrx_word' id='word_1_399' title='bbox 1257 4051 1328 4134; x_wconf 86' lang='lat' dir='ltr'><strong>quis</strong></span> <span class='ocrx_word' id='word_1_400' title='bbox 1366 4050 1489 4132; x_wconf 81' lang='lat' dir='ltr'><strong>legitur</strong></span> <span class='ocrx_word' id='word_1_401' title='bbox 1528 4049 1698 4114; x_wconf 87' lang='lat' dir='ltr'><strong>Commodi</strong></span> <span class='ocrx_word' id='word_1_402' title='bbox 1739 4051 1815 4114; x_wconf 87' lang='lat' dir='ltr'><strong>trib.</strong></span> <span class='ocrx_word' id='word_1_403' title='bbox 1857 4061 2001 4131; x_wconf 88' lang='lat' dir='ltr'><strong>potestas</strong></span> 
     </span>
     <span class='ocr_line' id='line_1_63' title="bbox 1256 4151 2000 4237; baseline 0 -25"><span class='ocrx_word' id='word_1_404' title='bbox 1256 4152 1391 4230; x_wconf 84' lang='lat' dir='ltr'><strong>xv111.,</strong></span> <span class='ocrx_word' id='word_1_405' title='bbox 1425 4172 1506 4237; x_wconf 85' lang='lat' dir='ltr'><strong>quae</strong></span> <span class='ocrx_word' id='word_1_406' title='bbox 1528 4167 1633 4214; x_wconf 87' lang='lat' dir='ltr'><strong>tamen</strong></span> <span class='ocrx_word' id='word_1_407' title='bbox 1657 4151 1782 4214; x_wconf 87' lang='lat' dir='ltr'><strong>auctior</strong></span> <span class='ocrx_word' id='word_1_408' title='bbox 1807 4163 1874 4224; x_wconf 89' lang='lat' dir='ltr'><strong>est,</strong></span> <span class='ocrx_word' id='word_1_409' title='bbox 1905 4171 2000 4232; x_wconf 88' lang='lat' dir='ltr'><strong>quam</strong></span> 
     </span>
     <span class='ocr_line' id='line_1_64' title="bbox 1257 4252 2000 4337; baseline -0.003 -21"><span class='ocrx_word' id='word_1_410' title='bbox 1257 4267 1293 4316; x_wconf 90' lang='lat' dir='ltr'><strong>ut</strong></span> <span class='ocrx_word' id='word_1_411' title='bbox 1310 4273 1380 4318; x_wconf 85' lang='lat' dir='ltr'><strong>eam</strong></span> <span class='ocrx_word' id='word_1_412' title='bbox 1398 4255 1432 4316; x_wconf 91' lang='lat' dir='ltr'><strong>in</strong></span> <span class='ocrx_word' id='word_1_413' title='bbox 1451 4273 1641 4337; x_wconf 86' lang='lat' dir='ltr'><strong>quacunque</strong></span> <span class='ocrx_word' id='word_1_414' title='bbox 1663 4253 1822 4316; x_wconf 85' lang='lat' dir='ltr'><strong>sententia</strong></span> <span class='ocrx_word' id='word_1_415' title='bbox 1843 4252 2000 4318; x_wconf 86' lang='lat' dir='ltr'><strong>hactenus</strong></span> 
     </span>
    </p>
   </div>
   <div class='ocr_carea' id='block_1_12' title="bbox 454 4353 2001 4556">
    <p class='ocr_par' dir='ltr' id='par_1_15' title="bbox 454 4353 2001 4556">
     <span class='ocr_line' id='line_1_65' title="bbox 454 4353 2001 4442; baseline -0.001 -23"><span class='ocrx_word' id='word_1_416' title='bbox 454 4375 553 4442; x_wconf 87' lang='lat' dir='ltr'><strong>quern</strong></span> <span class='ocrx_word' id='word_1_417' title='bbox 576 4353 654 4416; x_wconf 89' lang='lat' dir='ltr'><strong>oIim</strong></span> <span class='ocrx_word' id='word_1_418' title='bbox 684 4353 772 4415; x_wconf 85' lang='lat' dir='ltr'><strong>edidi</strong></span> <span class='ocrx_word' id='word_1_419' title='bbox 788 4353 837 4434; x_wconf 86' lang='lat' dir='ltr'><strong>b),</strong></span> <span class='ocrx_word' id='word_1_420' title='bbox 869 4356 997 4417; x_wconf 83' lang='lat' dir='ltr'><strong>exarari</strong></span> <span class='ocrx_word' id='word_1_421' title='bbox 1027 4359 1131 4438; x_wconf 87' lang='lat' dir='ltr'><strong>potuit</strong></span> <span class='ocrx_word' id='word_1_422' title='bbox 1152 4359 1200 4419; x_wconf 86' lang='lat' dir='ltr'><strong>in·</strong></span> <span class='ocrx_word' id='word_1_423' title='bbox 1257 4358 1385 4439; x_wconf 82' lang='lat' dir='ltr'><strong>cognita</strong></span> <span class='ocrx_word' id='word_1_424' title='bbox 1416 4353 1561 4442; x_wconf 84' lang='lat' dir='ltr'><strong>potuerit</strong></span> <span class='ocrx_word' id='word_1_425' title='bbox 1590 4376 1775 4419; x_wconf 87' lang='lat' dir='ltr'><strong>numerare.</strong></span> <span class='ocrx_word' id='word_1_426' title='bbox 1827 4358 1865 4418; x_wconf 91' lang='lat' dir='ltr'><strong>ln</strong></span> <span class='ocrx_word' id='word_1_427' title='bbox 1896 4356 2001 4417; x_wconf 89' lang='lat' dir='ltr'><strong>uumis</strong></span> 
     </span>
     <span class='ocr_line' id='line_1_66' title="bbox 454 4456 2000 4556; baseline 0 -34"><span class='ocrx_word' id='word_1_428' title='bbox 454 4459 589 4544; x_wconf 88' lang='lat' dir='ltr'><strong>scriptio</strong></span> <span class='ocrx_word' id='word_1_429' title='bbox 623 4456 777 4544; x_wconf 79' lang='lat' dir='ltr'><strong>hybrida:</strong></span> <span class='ocrx_word' id='word_1_430' title='bbox 821 4459 859 4523; x_wconf 83' lang='lat' dir='ltr'><strong>P.</strong></span> <span class='ocrx_word' id='word_1_431' title='bbox 893 4459 938 4522; x_wconf 80' lang='grc' dir='ltr'><strong>Μ.</strong></span> <span class='ocrx_word' id='word_1_432' title='bbox 969 4459 1056 4522; x_wconf 83' lang='lat' dir='ltr'>R&#39;I&#39;I.</span> <span class='ocrx_word' id='word_1_433' title='bbox 1087 4459 1200 4524; x_wconf 78' lang='lat' dir='ltr'><strong>Pacl-</strong></span> <span class='ocrx_word' id='word_1_434' title='bbox 1256 4459 1395 4556; x_wconf 78' lang='lat' dir='ltr'><strong>Macriui</strong></span> <span class='ocrx_word' id='word_1_435' title='bbox 1418 4459 1522 4529; x_wconf 78' lang='lat' dir='ltr'><strong>obviis</strong></span> <span class='ocrx_word' id='word_1_436' title='bbox 1542 4459 1666 4546; x_wconf 80' lang='lat' dir='ltr'><strong>legitur</strong></span> <span class='ocrx_word' id='word_1_437' title='bbox 1688 4461 1758 4524; x_wconf 74' lang='grc' dir='ltr'><strong>ΤΗ.</strong></span> <span class='ocrx_word' id='word_1_438' title='bbox 1775 4459 1815 4524; x_wconf 84' lang='grc' dir='ltr'><strong>Ρ.</strong></span> <span class='ocrx_word' id='word_1_439' title='bbox 1830 4459 1871 4528; x_wconf 88' lang='lat'><strong>11.</strong></span> <span class='ocrx_word' id='word_1_440' title='bbox 1888 4457 2000 4538; x_wconf 84' lang='lat' dir='ltr'><strong>COS.,</strong></span> 
     </span>
    </p>
   </div>
   <div class='ocr_carea' id='block_1_13' title="bbox 460 4604 1995 4638">
    <p class='ocr_par' dir='ltr' id='par_1_16' title="bbox 460 4604 1995 4638">
     <span class='ocr_line' id='line_1_67' title="bbox 460 4604 1995 4638; baseline -0.003 0"><span class='ocrx_word' id='word_1_441' title='bbox 460 4604 1995 4638; x_wconf 40' lang='lat' dir='ltr'><strong>*W</strong></span> 
     </span>
    </p>
   </div>
   <div class='ocr_carea' id='block_1_14' title="bbox 488 4663 1502 4748">
    <p class='ocr_par' dir='ltr' id='par_1_17' title="bbox 488 4663 1502 4748">
     <span class='ocr_line' id='line_1_68' title="bbox 488 4663 1502 4748; baseline 0.006 -26"><span class='ocrx_word' id='word_1_442' title='bbox 488 4667 520 4738; x_wconf 84' lang='lat' dir='ltr'><strong>a)</strong></span> <span class='ocrx_word' id='word_1_443' title='bbox 539 4665 571 4726; x_wconf 84' lang='lat' dir='ltr'><strong>B.</strong></span> <span class='ocrx_word' id='word_1_444' title='bbox 593 4665 625 4723; x_wconf 80' lang='lat' dir='ltr'><strong>t.</strong></span> <span class='ocrx_word' id='word_1_445' title='bbox 645 4667 727 4725; x_wconf 87' lang='lat' dir='ltr'><strong>Tam.</strong></span> <span class='ocrx_word' id='word_1_446' title='bbox 748 4663 812 4726; x_wconf 80' lang='grc' dir='ltr'><strong>ΧΠ.</strong></span> <span class='ocrx_word' id='word_1_447' title='bbox 832 4667 918 4727; x_wconf 85' lang='lat' dir='ltr'><strong>Mem.</strong></span> <span class='ocrx_word' id='word_1_448' title='bbox 936 4688 967 4746; x_wconf 85' lang='lat' dir='ltr'><strong>p.</strong></span> <span class='ocrx_word' id='word_1_449' title='bbox 987 4677 1049 4741; x_wconf 77' lang='lat'>390.</span> <span class='ocrx_word' id='word_1_450' title='bbox 1150 4669 1185 4744; x_wconf 88' lang='lat' dir='ltr'><strong>b)</strong></span> <span class='ocrx_word' id='word_1_451' title='bbox 1205 4667 1291 4728; x_wconf 77' lang='lat' dir='ltr'><strong>Num.</strong></span> <span class='ocrx_word' id='word_1_452' title='bbox 1311 4682 1367 4730; x_wconf 81' lang='lat' dir='ltr'><strong>vet.</strong></span> <span class='ocrx_word' id='word_1_453' title='bbox 1388 4689 1419 4748; x_wconf 89' lang='lat' dir='ltr'><strong>p.</strong></span> <span class='ocrx_word' id='word_1_454' title='bbox 1439 4681 1502 4738; x_wconf 74' lang='lat'><strong>312.</strong></span> 
     </span>
    </p>
   </div>
   <div class='ocr_carea' id='block_1_15' title="bbox 0 0 2242 5564">
    <p class='ocr_par' dir='ltr' id='par_1_18' title="bbox 0 0 2242 5564">
     <span class='ocr_line' id='line_1_69' title="bbox 0 0 2242 5564; baseline 0 3"><span class='ocrx_word' id='word_1_455' title='bbox 0 0 2242 5564; x_wconf 95' lang='lat' dir='ltr'><strong> </strong></span> 
     </span>
    </p>
   </div>
  </div>
 </body>
</html>
