4404 5564
559 587 634 660 AD
666 577 957 662 VOLVMEN
991 577 1277 658 TE'RTIVM.
1670 607 1745 689 50,

168 753 329 846 lapidibus
341 754 439 822 sectis
453 765 652 833 constructo,
667 767 701 819 et
713 754 826 840 figuris
842 776 915 820 uns·

169 861 299 946 glyphis
318 869 492 936 exornato,
517 856 605 942 quod
621 857 787 944 hodieque
811 870 915 922 exstet

165 964 440 1132 Athdurstlmve.
457 1047 546 1128 ot.
646 1053 894 1126 ΒΑΣΙΛΕΤΣ

246 1162 530 1332 §sistis

241 1369 422 1434 PAPPVS.
442 1365 536 1431 COS.
668 1361 733 1430 ΟΣ
752 1359 874 1430 ΦῘΛΟ

237 1468 541 1638 {illinit
675 1515 888 1662 turm

248 1672 372 1737 CTVS.
390 1673 528 1734 INTER
679 1661 860 1731 ΒΑΣΙΛΕ

253 1771 521 1938 tutti.
676 1813 752 1884 ω

285 1975 489 2038 CAESARE
659 1960 874 2030 ιΦΑΝΟΤΣ

287 2075 487 2240 illlis
672 2117 770 2188 ml
793 2115 862 2182 tl

289 2275 481 2342 OPTVMO

279 2376 492 2446 AVGVSTO

297 2478 474 2546 nucleo,
593 2493 596 2506 '

676 2339 859 2438 rroitor

226 2581 395 2648 Praeclori
427 2580 522 2664 hujus
550 2579 751 2641 monumenti
773 2577 911 2640 Athenis

166 2685 229 2750 sibi
237 2683 405 2770 conspecti
417 2683 597 2746 meminere
608 2679 764 2743 indefessi
777 2679 914 2763 untiqui-

164 2803 266 2852 tatum
282 2801 456 2856 venatores
472 2786 632 2870 Sponius‚
654 2785 804 2866 (Voynge
822 2785 862 2845 Τ.
874 2785 915 2846 11.

164 2912 199 2976 p.
211 2894 300 2974 ool.)
316 2905 350 2955 ot
365 2890 565 2966 Whelcrus‚
592 2889 742 2971 (Voysge
763 2887 803 2950 Τ.
815 2887 861 2960 ΙΙΙ.
879 2906 912 2968 p.

164 2997 254 3076 449.)
278 2992 338 3056 sed
358 2993 594 3076 negligendum
617 2987 710 3065 duxi,
735 3008 800 3048 non
826 2985 913 3070 quod

164 3093 216 3158 his
242 3093 428 3158 unctoribus
452 3093 493 3156 de
521 3093 592 3175 ejus
622 3089 687 3153 iidc
715 3089 908 3166 dubitarem,

165 3195 226 3259 sed
242 3196 287 3259 do
303 3195 430 3259 sincere
445 3193 607 3271 lectione,
632 3212 727 3276 quum
745 3191 776 3251 in
794 3189 909 3252 utrius·

166 3317 229 3382 que
267 3295 422 3380 operibus
449 3293 585 3356 nimium
612 3313 710 3374 sscpe
739 3291 908 3369 fallacem,

164 3400 234 3465 sivo
249 3397 490 3482 inscriptiones,
509 3396 578 3460 sivo
592 3413 710 3455 numos
726 3394 910 3478 vulgarent,

166 3499 324 3584 comperi.
368 3499 412 3561 At
439 3496 537 3560 modo
575 3493 789 3580 gratissimam
817 3495 911 3556 nobis

165 3626 238 3668 rom
258 3602 338 3666 fecit
352 3599 583 3676 itharinins,
604 3595 680 3658 dum
703 3595 830 3678 insigne
848 3595 912 3658 hoc

163 3709 364 3791 epigramma
400 3723 440 3764 ex
468 3701 582 3765 codice
609 3697 741 3783 ,saeculi
764 3697 836 3764 XV.
864 3695 913 3758 bi·

162 3809 348 3872 bliothecee
361 3805 561 3870 Barberinue
581 3801 745 3864 sincerum
760 3799 912 3883 vulgaret

161 3909 270 3974 addite
294 3910 430 3993 insuper
447 3907 517 3990 ejus
535 3903 737 3967 monumenti
755 3901 908 3986 imagine.

162 4015 267 4094 (Frst.
294 4034 361 4076 err.
384 4009 464 4072 Tnb.
487 4009 588 4088 LVI.)
622 4007 731 4070 Docet
756 4007 838 4068 hsec
862 4003 910 4065 in·

163 4115 314 4201 scriptio,
337 4113 541 4198 Epiphanern
566 4108 720 4172 Antiochi
734 4109 793 4176 lv.
814 4109 909 4170 Com·

161 4219 293 4303 magoni
309 4216 412 4279 lilium
430 4219 573 4290 Romus,
601 4212 688 4297 quod
704 4212 768 4294 jem
786 4223 910 4273 consts-

163 4321 234 4396 hat,
269 4319 382 4382 sedem
408 4319 535 4395 fixisse,
565 4315 752 4398 factumque
783 4325 908 4394 patrem

164 4421 226 4484 lttii
255 4421 426 4496 Antiochi,
469 4419 527 4502 qui
562 4439 635 4480 sese
671 4417 714 4479 ob
744 4414 908 4478 adfectum

161 4525 197 4586 in
234 4544 328 4588 snum
358 4521 556 4584 Antiochum
584 4519 640 4584 tv.
672 4517 907 4601 Philopspnm,

167 4630 224 4688 noi
241 4637 422 4700 ementem,
445 4637 478 4686 ct
501 4621 573 4702 jure
593 4619 680 4684 evito
701 4639 825 4702 regem,
850 4618 909 4682 sed

163 4729 204 4792 ed
229 4724 391 4792 vitandum
408 4723 562 4788 insidiam
580 4735 702 4785 tantum
722 4721 754 4782 in
775 4721 909 4806 inscrip-

165 4831 253 4896 tione
276 4829 418 4908 Grseca,
445 4825 558 4892 vocari
580 4825 701 4902 voluit,
733 4841 840 4907 neque
859 4837 937 4888 est.

972 763 1179 836 aspernatus,
1205 749 1336 816 sublate
1366 755 1464 840 regni
1494 757 1545 822 eui
1577 777 1715 845 recupe-

970 853 1065 918 randi
1087 875 1165 938 spe,
1189 851 1282 936 iungi
1304 857 1511 936 muneribus,
1540 881 1623 944 quoe
1645 875 1714 925 tum

972 959 1076 1020 Romu
1105 955 1140 1016 in
1168 953 1257 1019 viros
1282 955 1472 1021 illustrioris
1505 982 1563 1024 sen
1589 963 1715 1042 meriti,

973 1078 1032 1120 seu
1044 1055 1193 1120 fortunae
1209 1055 1363 1120 conferre
1379 1063 1558 1130 consuevit.
1574 1065 1716 1149 Reliqua

970 1157 1107 1235 eximia,
1137 1179 1219 1243 quse
1240 1161 1439 1245 epigramma
1458 1163 1543 1227 istud
1561 1165 1717 1250 multipli-

971 1259 1018 1324 cis
1044 1258 1237 1324 eruditionis
1260 1261 1410 1346 locuples
1442 1267 1606 1344 continet,
1636 1267 1714 1336 ride

970 1362 1140 1448 prseolure
1159 1360 1319 1446 explicate
1334 1363 1373 1426 uh
1390 1365 1461 1448 ipso
1478 1367 1629 1434 Marinio.

991 1545 1030 1613 Ρ.
1041 1545 1113 1621 nol.
1127 1548 1190 1614 col.
1206 1565 1238 1618 s.
1253 1550 1278 1616 Ι.
1293 1545 1345 1612 3ο.
1358 1561 1454 1627 post:
1472 1550 1693 1642 (Arigont)

1033 1668 1088 1732 vel
1120 1663 1203 1730 em
1220 1701 1234 1716 ·
1249 1701 1263 1718 ·
1281 1702 1295 1718 ·
1318 1665 1542 1740 OCGIPOCI.
1577 1672 1718 1756 (Sestini
1736 1673 1743 1682 ’

972 1769 1197 1853 Ἦῑμω)

970 1943 1415 2056 r.so1.001.1.1.is.p0se.·
1438 1975 1562 2058 (Mus.
1582 1977 1715 2063 caes.)

1032 2095 1108 2220 1Ht>
1130 2158 1228 2240 (uus.
1245 2157 1354 2240 cass.)

990 2359 1468 2444 P.2e1.cot.2.p0st.·qua0
1491 2383 1570 2427 suu
1586 2369 1694 2452 suit.

1031 2479 1135 2556 Huic,
1174 2499 1282 2563 quern
1321 2481 1493 2563 proposui,
1541 2503 1716 2550 uumorunt
1797 2502 1803 2526 ⁴

969 2579 1110 2642 Neronis
1140 2580 1267 2644 calculo
1299 2581 1490 2646 adversetur
1518 2587 1560 2647 cl.
1585 2587 1718 2652 Snncle·

969 2681 1121 2746 mentius.
1143 2681 1200 2765 (de
1228 2684 1314 2768 vulg.
1332 2705 1407 2746 seru
1431 2707 1466 2769 p.
1483 2685 1571 2767 183.)
1601 2691 1649 2765 Is,
1680 2703 1717 2755 nt

969 2783 1134 2869 probaret,
1153 2783 1365 2847 Antiochenis
1380 2787 1456 2850 anni
1470 2786 1597 2850 initium
1613 2789 1715 2855 fuisse

969 2887 1069 2950 finem
1099 2885 1271 2964 Octobris,
1301 2901 1356 2951 snt
1385 2889 1500 2952 saltem
1529 2903 1605 2974 post
1626 2891 1715 2956 diem

968 2989 1054 3052 xllt.
1077 2987 1257 3065 Octobris,
1305 2988 1441 3055 advocat
1474 2993 1723 3058 tetrudrachmu.

967 3089 1118 3166 Neronis,
1132 3111 1215 3174 quse
1232 3111 1333 3153 annos
1348 3093 1715 3174 epochneCscsariansc
1834 3090 1845 3104 ’

967 3213 1040 3256 cum
1056 3192 1146 3254 annis
1161 3193 1255 3276 hujus
1272 3193 1411 3276 Augusti
1427 3196 1639 3279 conjungunt,
1655 3197 1717 3260 sci·

966 3295 1064 3356 licet:
1086 3290 1172 3356 ΑΙΡ.
1186 3290 1245 3368 Θ.,
1264 3291 1402 3371 ΑΙΡ.Ι.,
1418 3293 1554 3372 ΒΙΡ.Ι.,
1576 3317 1715 3380 quorum

967 3394 1109 3478 primum
1126 3393 1290 3476 cognitum
1302 3393 1367 3476 jum
1384 3409 1432 3456 est
1449 3415 1490 3457 cx
1505 3417 1619 3460 museo
1636 3399 1717 3462 Cae·

971 3515 1084 3572 serso,
1111 3493 1250 3556 aiterum
1278 3515 1319 3557 ex
1344 3515 1457 3558 museo
1474 3496 1655 3582 dEnncry,
1682 3515 1717 3564 et

972 3597 1064 3677 cujus
1089 3596 1160 3680 ipse
1199 3615 1329 3680 quoque
1358 3599 1527 3682 exemplar
1548 3602 1714 3684 possidet,

970 3696 1101 3760 tertium
1123 3697 1202 3760 item
1226 3717 1268 3760 ex
1291 3719 1405 3762 museo
1429 3701 1603 3769 Caesareo.
1632 3705 1714 3767 Cum

969 3799 1057 3862 idem
1074 3799 1215 3862 Neronis
1232 3804 1392 3878 onnusd„
1411 3825 1470 3866 seu
1486 3803 1647 3884 decimus,
1668 3807 1716 3870 ls-

970 3915 1064 3985 getur
1078 3901 1167 3983 juxte
1192 3901 1285 3966 binos
1313 3925 1414 3967 annos
1436 3905 1583 3969 diversos
1601 3928 1714 3982 nerse.

967 4023 1086 4088 nempe
1107 4001 1196 4069 AIP.
1215 4017 1248 4067 et
1265 4001 1368 4083 ΒΙΡ.,
1387 4026 1524 4071 necesse
1548 4023 1615 4087 est,
1639 4029 1716 4072 eum
1819 3995 1826 4010 ⁸

967 4104 1145 4170 convenire
1182 4105 1266 4188 pnrti
1286 4107 1361 4168 enni
1384 4109 1583 4172 Antiocheni
1605 4109 1715 4190 MR,

969 4221 1003 4272 et
1014 4207 1099 4292 pnrti
1119 4207 1194 4268 anni
1209 4206 1312 4284 ΒΙΡ.,
1338 4211 1450 4273 Annus
1468 4211 1591 4295 primus
1608 4213 1714 4278 Nero·

966 4310 1018 4372 nis
1044 4310 1155 4394 coepit
1177 4308 1231 4374 die
1248 4311 1334 4378 xllt.
1352 4311 1507 4378 Octobris
1525 4317 1566 4382 V.
1585 4317 1619 4378 C.
1638 4317 1714 4398 807,

968 4433 1050 4496 crgo
1076 4433 1177 4474 onnus
1202 4411 1347 4476 decimus
1367 4415 1486 4478 eodem
1509 4417 1563 4480 dic
1579 4417 1654 4480 enni
1673 4419 1714 4482 U.

967 4516 1003 4577 C.
1022 4515 1083 4578 816
1106 4515 1210 4578 inivit.
1238 4515 1350 4578 Annus
1377 4537 1473 4580 soree
1499 4515 1587 4582 ΑΙΡ.
1606 4521 1717 4602 coepit
1836 4579 1840 4586 .

966 4616 1000 4677 in
1017 4629 1170 4680 autumno
1186 4617 1269 4682 tte.
1281 4620 1355 4682 815.
1384 4619 1484 4710 Quod
1503 4619 1530 4681 si
1552 4621 1719 4704 coepisset

969 4730 1043 4782 ente
1065 4717 1154 4782 diem
1171 4719 1258 4784 xlll.
1279 4721 1450 4798 Octobris,
1470 4738 1537 4784 non
1558 4724 1718 4807 potuisset

968 4841 1044 4885 cnm
1065 4819 1131 4884 hoc
1155 4821 1310 4906 conjungi
1330 4845 1431 4886 sunus
1460 4825 1603 4888 Neronis
1633 4825 1722 4889 deci·
