4476 5564
487 487 558 570 „0
834 441 836 443 ’
919 471 923 478 ·
1111 467 1409 548 narvrtx.
1475 417 1478 426 Δ

486 669 581 734 luere
605 659 778 736 Tiberina,
801 655 911 734 Titana,
933 653 1109 737 Trajunua,
1130 657 1231 720 Anto·
1287 663 1397 738 pat'at,
1427 649 1522 718 etlam
1550 647 1628 716 inde
1650 649 1667 715 ἰ
1688 650 1828 714 Balbino
1856 671 1958 738 neque
1986 653 2028 718 ad

486 775 582 834 minua
609 767 705 839 Piua,
737 765 783 826 tt.
815 747 1142 831 AureliuasAltera,
1167 776 1231 840 qua
1288 754 2030 840 ChlorumJunioribuaAuguatianonnudum

487 867 704 936 naturalius
721 866 760 928 1..
778 865 920 936 Verum,
942 857 1063 921 deinde
1081 859 1232 920 Commo·
1288 853 1451 939 pontilioia
1492 875 1574 920 max.
1610 841 1761 927 titulum,
1801 855 1860 917 aed
1898 854 2032 940 aliquod

488 975 584 1047 alum,
620 969 763 1031 Severua
796 963 1013 1038 Caracallum,
1052 972 1086 1020 et
1114 959 1231 1021 Getam
1289 955 1386 1020 etiam
1406 957 1476 1037 ejua
1495 955 1684 1018 exercitium
1703 955 1804 1018 fuiaae
1823 958 2030 1039 permittam.

489 1074 553 1142 ailti
582 1069 790 1132 aerianorum
819 1066 940 1128 collato
969 1061 1065 1124 etiam
1095 1055 1233 1140 Augusti
1289 1057 1449 1120 Abatineo
1481 1056 1521 1119 ab
1552 1057 1769 1140 argumentis,
1800 1058 1916 1142 quibua
1945 1075 2032 1125 uteu-

487 1174 641 1247 nomine,
672 1173 719 1232 aio
740 1182 868 1244 umen,
897 1179 934 1227 ιιι
955 1162 1157 1246 singulorum
1180 1182 1233 1223 au·
1288 1180 1354 1245 qaae
1370 1172 1579 1243 praetentem
1600 1179 1726 1222 caueam
1747 1161 1934 1238 confirmat,
1957 1165 2033 1246 quia

488 1277 623 1343 oloritaa
642 1273 676 1334 iu
698 1290 811 1334 omnea
828 1286 931 1350 aeque
951 1265 1082 1347 imperii
1100 1265 1140 1325 ll
1159 1281 1234 1345 pro·
1290 1261 1377 1324 iatutl
1402 1259 1566 1347 praefixae
1594 1261 1762 1323 brevitatia
1783 1259 1868 1346 linea
1890 1264 2031 1344 excedit,

487 1378 611 1448 vinoiaa
634 1375 775 1448 valeret,
798 1383 832 1432 et
854 1387 954 1430 anum
976 1380 1099 1429 tantum
1122 1363 1235 1427 eaiata'·
1289 1376 1324 1427 et
1346 1375 1518 1445 praeterea
1538 1360 1580 1427 ad
1610 1361 1696 1426 liano
1725 1341 1807 1424 nihil
1829 1365 1900 1449 opia
1921 1366 2032 1432 onnia·
2079 1355 2083 1362 ’

443 1479 448 1486 ’
489 1491 635 1544 manetur
653 1475 844 1558 imparium,
867 1471 929 1532 elai
947 1470 1058 1551 plurea
1074 1466 1123 1526 alla
1142 1485 1236 1550 prae·
1290 1477 1368 1530 runt
1390 1463 1490 1528 nami.

492 1593 614 1647 oaaeut.
656 1577 790 1650 Tertia,
813 1593 908 1657 quam
929 1582 1004 1653 poet
1026 1565 1236 1642 Diocletiani,

491 1694 526 1746 et
561 1677 747 1744 Maximiani
782 1671 1020 1756 abdicationem
1061 1669 1236 1730 eonatitua·
1611 1649 1641 1725 ξ.
1662 1651 1718 1720 lV.

490 1793 568 1848 ruut
596 1777 802 1844 Conatantiua
830 1775 987 1848 Chlorus,
1018 1784 1051 1832 et
1073 1769 1145 1832 Gal.
1169 1772 1237 1830 Ma-

489 1882 669 1954 ximianon,
697 1899 771 1940 cum
805 1875 840 1936 hi
874 1873 1048 1955 imperium
1080 1868 1235 1946 divisere,

491 1997 528 2048 et
556 1981 746 2062 denigratae
775 1975 980 2060 provinciae,
1010 1971 1235 2052 legionesque,

425 2083 429 2092 “
491 2103 576 2168 quae
598 2080 734 2162 aiugnlia
755 2088 921 2160 pararent.
958 2075 1064 2156 Atque
1087 2085 1155 2131 tum
1177 2072 1236 2132 im·
1354 2067 2035 2164 Amplamhaecquaeatioeruditiadiupu-

490 2186 620 2271 periom
650 2179 780 2242 nonnisi
803 2177 937 2238 aomina
961 2173 1026 2238 dici
1048 2195 1150 2236 unum
1178 2191 1237 2256 po·
1291 2169 1381 2234 tandi
1416 2171 1584 2234 materiam
1622 2173 1854 2255 suppeditavit,
1892 2192 2038 2260 quorum

490 2286 570 2363 tuit,
597 2291 671 2347 nam
689 2280 845 2361 deincepa
865 2275 1154 2360 quiviapermiaaia
1172 2273 1236 2338 aibi
1293 2271 1542 2347 aliioensuere,
1561 2275 1815 2357 primumluiaae
1832 2275 2032 2355 Gratianum,

490 2385 669 2473 provinciis
690 2399 814 2444 aumma
835 2397 909 2440 oum
933 2377 1124 2440 auctoritate
1144 2395 1236 2460 prae·
1293 2374 1347 2436 eui
1382 2394 1508 2437 nummo
1544 2375 1607 2437 hoe
1645 2376 1816 2458 gentilium
1848 2377 2034 2444 aaaerllotio

489 2489 568 2563 tuit,
598 2487 676 2569 quin
707 2483 792 2546 alter
820 2478 916 2540 alleri
947 2479 1108 2542 obnoxiua
1132 2489 1234 2552 earet,
1293 2471 1385 2557 fungi
1423 2467 1513 2539 uelat
1545 2476 1648 2539 viuum
1681 2491 1785 2552 esset,
1821 2495 1935 2545 contra
1968 2483 2036 2562 alii,

475 2588 566 2654 .aolo
586 2587 705 2648 relicto
734 2581 860 2644 unionia
888 2581 998 2663 aigno,
1027 2580 1131 2665 quod,
1158 2597 1234 2640 eum
1292 2575 1354 2657 jam
1374 2599 1393 2639 a
1412 2578 1620 2640 Conatantino
1640 2581 1702 2654 M.,
1728 2581 1785 2665 qni
1804 2581 2037 2663 primuachn.
2072 2587 2086 2600 ·

491 2689 586 2772 leget
609 2686 648 2750 ab
664 2689 884 2766 Augustorum
908 2682 1058 2766 quopiam
1082 2682 1165 2744 latae
1186 2680 1236 2740 fa·
1292 2679 1393 2742 atiaua
1424 2700 1514 2742 auara
1543 2679 1711 2762 amplexus
1728 2695 1800 2767 eat,
1829 2681 1911 2746 illud
1932 2683 2036 2749 fuim

494 2809 569 2864 ere,
599 2785 746 2869 adposita
776 2784 870 2846 fuere
902 2787 1111 2865 conlegarum
1133 2781 1237 2844 uomi-
1292 2780 1508 2864 repudiatum.
1556 2782 1664 2845 Priori
1687 2784 1869 2850 acunumiae
1891 2783 2037 2850 adhaesit

456 2887 460 2892 ’
491 2911 543 2952 na.
586 2885 754 2954 Enarratia
783 2885 834 2950 hia
866 2885 970 2948 tribua
992 2884 1106 2948 formio
1127 2883 1237 2966 arguit
1293 2883 1514 2980 Baroniua·),
1546 2885 1606 2946 elai
1631 2885 1709 2947 olim
1731 2887 1867 2948 alteram
1889 2885 2036 2970 praeier-

491 2989 631 3078 Pagiua,
661 3007 764 3071 traque
794 2986 836 3048 atl
856 2987 1027 3050 Balbinum
1059 2998 1092 3049 et
1118 2983 1237 3066 Pupie-
1293 3000 1345 3048 ret
1369 2981 1422 3066 ¹¹),
1454 2983 1633 3048 adhaaaere
1656 2987 1752 3050 etiam
1776 2988 1891 3050 Boaiua
1913 2989 1945 3049 in
1969 2989 2035 3052 lau·

489 3115 572 3155 atum
600 3109 666 3151 non
696 3089 798 3152 luiaae
826 3087 891 3152 nial
919 3109 1018 3150 unam
1047 3085 1236 3170 pontilioem
1294 3087 1366 3150 data
1402 3084 1563 3168 principio
1602 3089 1846 3152 Exercitationa
1877 3091 2036 3156 *hiatorioa

494 3195 688 3264 maximum,
710 3203 746 3252 ut
768 3188 890 3252 (lictum
912 3191 1019 3254 altius.
1060 3188 1142 3249 Poat
1164 3187 1236 3262 hoa,
1293 3189 1335 3252 da
1386 3186 1542 3270 pontifice
1592 3209 1694 3265 mam,
1746 3192 1962 3276 spmhemiu.
1985 3197 2034 3283 a),

1293 1806 1363 1884 Quo
1393 1812 1530 1882 ternpore
1556 1808 1701 1885 Augurii
1718 1791 1917 1887 ''pontificatu
1940 1827 2032 1872 mate.

1480 1909 1641 1985 coeperint
1660 1908 1843 1970 abstinere?

304 3313 311 3322 ·
391 3339 396 3352 .
496 3295 555 3371 ait,
583 3291 780 3372 inobauuno
802 3311 892 3368 eaae,
921 3305 1030 3355 utrum
1053 3289 1159 3352 tolum
1179 3309 1238 3351 uo·
1275 3290 1439 3387 'Vandale
1463 3288 1513 3370 d),
1551 3292 1710 3376 multique
1741 3293 1815 3369 alii,
1845 3317 1928 3380 qun.
1958 3317 2035 3360 enu-

494 3417 570 3460 men
592 3391 755 3476 pontilicis
777 3414 861 3456 max.
879 3413 954 3456 eum
974 3393 1155 3476 junioribua
1173 3392 1238 3453 Aa·
1295 3405 1398 3454 marat
1414 3392 1541 3456 Boaiua.
1571 3391 1677 3454 Alteri
1693 3397 1874 3460 aeutentiae
1893 3417 1965 3461 aeae
1983 3419 2038 3482 ap-

488 3497 596 3581 ⁴gnatia
621 3494 896 3561 eommuuioatum
923 3495 1047 3572 luerit,
1083 3508 1118 3580 et
1145 3509 1238 3580 pote·
1293 3493 1442 3578 plicuere
1480 3495 1544 3560 oel.
1575 3496 1712 3558 lauobua
1742 3497 1966 3584 Gotholredua
2001 3501 2037 3560 in

486 3612 559 3665 atae
586 3617 689 3684 porea
716 3615 815 3663 unum
843 3597 1056 3672 romanaerit,
1085 3618 1125 3660 an
1156 3614 1236 3659 voro
1295 3598 1448 3681 epistola,
1471 3617 1567 3679 quam
1589 3599 1719 3661 nomine
1741 3605 1823 3665 Iulia*
1839 3605 1980 3665 Placidia'
1996 3605 2037 3664 do

489 3703 530 3764 ,1ιὶ
552 3717 682 3785 quoque
699 3698 738 3760 in
758 3695 928 3782 potealatia
959 3697 1159 3762 contortium
1181 3714 1237 3761 vo·
1293 3703 1463 3762 interdicto
1474 3703 1665 3764 Christiania
1680 3723 1751 3764 cum
1765 3705 1941 3782 gentilibus
1955 3723 2037 3765 σοιιι-

493 3803 557 3868 oati
585 3801 718 3868 luerint.
760 3803 804 3862 At
833 3802 917 3866 laeta
943 3799 1074 3862 demum
1104 3793 1236 3880 imperii
1291 3807 1441 3866 munione
1460 3805 1608 3864 Geneatae
1624 3799 1741 3874 edidit,
1764 3801 1882 3881 Pagina
1898 3802 1944 3882 ⁸),
1968 3799 2037 3862 Til·

492 3904 654 3968 divisione
683 3905 847 3985 Augustae
877 3923 996 3966 omnaa
1028 3922 1094 3964 non
1126 3899 1235 3963 uolam
1294 3899 1532 3980 lemontiual),
1555 3919 1592 3962 ae
1614 3915 1687 3984 poet
1704 3903 1787 3964 aliua
1805 3919 1912 3983 nuper
1924 3901 2037 3988 eopio-

493 4025 637 4069 aummae
659 4004 755 4086 ltujua
777 4003 943 4085 dignitaaia
965 4024 1102 4077 noman,
1123 4000 1182 4064 aed
1204 4013 1238 4064 et
1296 4003 1362 4064 aina
1411 4000 1558 4063 emaditua
1605 4000 1706 4063 abhaa
1747 4001 1961 4066 Maaaolenua
1993 4005 2037 4087 a).

492 4125 672 4170 connexam
688 4124 763 4167 oum
782 4105 845 4168 hoe
863 4118 1057 4188 puteatatem
1075 4103 1237 4166 ltabuiaae.
1295 4103 1475 4187 Vtramque
1491 4101 1684 4162 armentium
1702 4103 1853 4186 expantia
1868 4107 2037 4191 utriuaqua

492 4208 531 4268 lu
543 4204 700 4268 omnibu·
721 4205 772 4268 hia
794 4225 868 4268 oum
889 4206 990 4287 Pugio
1014 4205 1166 4268 convenit
1186 4205 1263 4264 Bi..
1294 4203 1396 4287 partia
1426 4201 1625 4284 argumentia
1649 4201 1685 4262 in
1714 4225 1883 4282 aeterum,
1911 4227 1948 4270 ar
1970 4207 2039 4272 ior-

492 4307 624 4384 martio,
653 4305 716 4368 niai
738 4306 834 4390 ·qnotl
862 4305 917 4370 ltin
938 4307 1036 4388 plane
1059 4305 1237 4370 verisimile
1294 4319 1379 4368 taaao
1402 4316 1539 4389 propter
1559 4323 1672 4368 rerum
1694 4309 1821 4392 copiam
1842 4307 1945 4372 nimio
1963 4329 2039 4394 pro·

528 4542 655 4616 a.)Ann
677 4535 747 4595 eccl.
768 4535 808 4593 ad
827 4555 893 4592 aun.
915 4533 984 4593 Chr.
1003 4545 1066 4598 312.
1102 4533 1139 4608 lt)
1159 4535 1254 4592 tlon·
1247 4557 1278 4593 ιιι
1297 4536 1450 4615 marmlytol
1469 4537 1552 4594 Rom.
1574 4535 1613 4594 atl
1632 4539 1710 4598 diem
1729 4551 1773 4606 at.
1793 4545 1867 4620 Aug
1900 4547 1935 4616 c)
1953 4547 2036 4604 Τοιιι.

490 4625 529 4688 Π.
549 4649 579 4704 p.
597 4637 662 4692 413.
727 4625 762 4698 (l)
783 4626 906 4683 Disaerl.
926 4625 964 4684 ll
985 4624 1022 4681 tle
1041 4627 1124 4682 Pont.
1146 4645 1221 4684 max.
1289 4630 1318 4698 e)
1340 4629 1415 4686 Cim
1435 4629 1503 4686 Bar.
1523 4626 1562 4685 tad
1581 4650 1648 4689 ιιιιιι.
1668 4641 1733 4698 312.
1800 4633 1951 4704 olliatst
1942 4656 2035 4716 impp.

491 4718 575 4776 'l‘om
595 4717 646 4779 lv
669 4717 758 4794 variis
777 4713 862 4780 loria.
936 4717 970 4793 g)
991 4714 1148 4776 Animadv.
1169 4715 1218 4774 lli.
1227 4713 1277 4786 ale
1295 4719 1377 4776 Pom
1398 4739 1473 4777 max.
1493 4737 1525 4796 p
1541 4719 1590 4782 66·
