4430 5568
645 457 719 530 ou
761 454 960 550 uvius
989 455 1095 530 ror.
1137 457 1287 532 surr.
1647 481 1734 556 “sss

199 639 355 705 Eruditns
378 641 431 709 bio
448 644 519 721 sir,
541 655 577 706 nt
592 641 783 728 conquisitis
799 639 941 726 undique
998 655 1085 716 tum,
1106 658 1294 726 nomenque
1317 641 1414 704 solidi
1436 641 1564 706 nonnisi
1585 643 1740 714 Constan-

200 743 941 828 coaevorumscriptorumtestimoniisumnens
999 744 1058 804 tini
1091 744 1136 804 M.
1165 754 1269 806 aetate
1299 743 1332 804 in
1363 765 1463 806 nsum·
1482 758 1671 828 receptum,
1701 761 1756 818 at..

200 841 360 926 impendit
382 865 514 930 npersm
541 845 582 909 sd
600 843 825 929 explicsndam
851 858 945 906 rents
1002 863 1195 928 perperam,
1225 843 1286 924 jsm
1318 845 1404 907 enim
1437 843 1533 908 video
1554 845 1739 930 Apuleium,

201 944 306 1006 librae
325 947 505 1022 rationem,
535 961 746 1031 qnantumes
765 944 944 1008 solidorum
1003 945 1059 1028 qui
1088 943 1325 1006 Antoninorum
1357 966 1438 1009 nero
1460 943 1590 1022 floruit,
1620 951 1741 1015 solidos
1842 968 1851 980 ·

201 1064 374 1110 numerum
396 1045 547 1120 dederit,
580 1068 662 1130 quae
692 1046 794 1109 luerit
824 1046 947 1108 metalli
1003 1066 1118 1110 oursos
1137 1063 1323 1108 memorare
1337 1042 1382 1126 ¹³).
1424 1046 1514 1108 Istud
1531 1058 1675 1122 eertum,
1696 1049 1744 1108 in·

203 1147 298 1210 unius
328 1147 369 1210 sd
398 1147 485 1210 uliud
514 1151 615 1224 ratio,
643 1161 678 1210 et
706 1167 789 1232 quae
819 1143 948 1208 suntid
1005 1147 1046 1208 de
1064 1169 1080 1208 s
1100 1145 1531 1227 Constantiuuirequeutem
1552 1149 1743 1210 esseinim·
1803 1146 1806 1160 ’

202 1268 306 1332 penus
338 1247 414 1323 alin,
447 1249 611 1313 latendum
641 1263 748 1311 tamen
772 1259 840 1324 est,
869 1266 947 1308 eunt
1005 1259 1191 1332 peratnrum
1217 1246 1500 1310 constitutionibus
1516 1248 1586 1330 ejus
1610 1252 1745 1316 mentio-

202 1349 335 1412 illornm
360 1368 470 1425 more,
499 1351 555 1432 qni
577 1368 812 1432 praenestem,
844 1369 949 1432 gram·
1005 1369 1095 1412 nem.
1137 1349 1264 1410 Nomen
1289 1345 1373 1408 hand
1404 1345 1502 1410 dubie
1531 1349 1652 1413 tolita
1673 1370 1745 1434 par·

203 1449 355 1513 mutinum
387 1451 489 1529 magis
520 1449 647 1532 egisse,
680 1469 775 1534 quam
807 1449 948 1528 sntiqua·
1005 1450 1111 1522 sibus,
1142 1468 1228 1530 quas,
1243 1447 1419 1523 continuit,
1451 1461 1486 1508 nt
1512 1469 1630 1512 revers
1652 1453 1745 1520 Lens·

203 1551 298 1628 rium,
315 1549 464 1632 neglecta
480 1551 821 1632 penitusqnsastinne,
840 1563 947 1610 utrum
1005 1548 1130 1633 pridias
1151 1548 1302 1610 sensisses
1322 1561 1355 1610 et
1373 1547 1539 1612 tremisses
1556 1571 1672 1615 aureos
1688 1551 1747 1612 ibi·

147 1677 160 1692 ·
203 1629 274 1730 ejus
297 1649 428 1734 periodi
452 1665 582 1714 moneta
613 1662 700 1712 tsnto
728 1667 867 1711 numero
891 1647 948 1710 iso·
1007 1651 1101 1722 dens,
1130 1648 1406 1734 tannsnssulidi
1436 1663 1546 1730 partes
1576 1665 1747 1728 memorat,

203 1752 324 1834 disque
342 1765 509 1835 superstes
530 1771 604 1813 eum
624 1749 769 1831 legibus,
806 1747 949 1832 qusidi·
1007 1747 1172 1837 quomodo
1206 1749 1356 1812 denarius
1386 1749 1464 1813 olim
1494 1750 1615 1836 diuisus
1643 1754 1747 1816 estin

203 1863 363 1926 mimis
408 1850 592 1932 θῠῦψίΐθῑ,
636 1853 724 1936 qnod
770 1863 877 1914 tamen
914 1849 948 1925 il,
1007 1853 1223 1934 quinarioset
1248 1851 1432 1928 sestertios,
1455 1865 1488 1914 et
1512 1852 1668 1914 habemus
1689 1873 1747 1916 nu·
1790 1865 1793 1874 '

205 1954 259 2037 qni
289 1952 351 2015 arti
381 1951 623 2013 numismatiase
660 1965 798 2036 propter
832 1970 950 2013 numos
1005 1975 1076 2017 snos
1098 1973 1215 2016 aureos
1245 1965 1347 2014 stante
1377 1973 1451 2035 rep.
1481 1953 1642 2034 signatos,
1671 1972 1749 2036 qun·

203 2052 551 2137 ipsnsdantnpersm,
574 2052 950 2134 cumprimisnossecu·
1006 2075 1080 2116 rum
1117 2053 1249 2125 solidis,
1293 2053 1362 2115 sire
1392 2053 1527 2131 integris
1555 2053 1745 2135 inscriptum

203 2155 305 2237 piant.
350 2150 611 2233 siporeotuea
637 2164 787 2214 monetae
813 2151 950 2212 enmle·
1006 2155 1083 2227 Lx,
1106 2154 1336 2228 sliisllllllll,
1359 2153 1509 2216 eliisllX.
1553 2151 1603 2216 Ad
1621 2149 1746 2234 pondus

204 2251 496 2334 gibnsoonnordin
521 2251 683 2332 reperiri,
714 2271 773 2316 cur
798 2270 868 2314 eam
888 2271 947 2313 nos
1007 2253 1094 2337 quod
1119 2253 1248 2328 attinet,
1277 2253 1370 2316 fuere
1393 2255 1425 2314 in
1449 2253 1543 2318 uncis
1568 2253 1663 2315 solidi
1679 2257 1747 2332 γι,

204 2355 326 2416 dooere
344 2350 516 2434 negligunt
534 2351 676 2424 eruditi?
706 2353 754 2413 sin
776 2353 866 2413 nnmi
886 2352 950 2434 ipsi
1002 2373 1089 2436 ergo
1109 2355 1144 2414 -iu
1159 2353 1240 2414 libra
1258 2354 1355 2416 solidi
1370 2353 1498 2416 LXXII.
1543 2357 1656 2416 Exstat
1670 2374 1746 2418 nou-

204 2453 294 2516 rasin
316 2472 393 2526 sua,
433 2472 470 2515 aa
490 2452 624 2514 nimium
649 2452 843 2534 direngente
871 2473 950 2535 pon·
1006 2454 1130 2517 stitutio
1160 2454 1379 2519 Valentiniani
1402 2459 1449 2534 ⁰)s
1496 2461 1747 2539 Quotiescunque

205 2552 288 2616 dere
310 2572 375 2613 non
403 2551 500 2615 modo
527 2551 606 2614 latss
631 2552 724 2634 leges
747 2554 948 2637 perturbant,
1004 2567 1093 2620 certo
1107 2560 1489 2634 summoaoIidorumpro
1505 2560 1595 2618 tium·
1608 2561 1748 2638 quatita·

204 2653 262 2716 sed
280 2654 475 2737 plerumque
492 2653 597 2736 palam
621 2654 759 2728 violant,
776 2675 863 2738 quae
883 2669 949 2719 tsn-
1005 2669 1037 2720 te
1052 2660 1198 2732 dedatur,
1221 2661 1367 2718 nutours'
1380 2676 1489 2717 suossn
1509 2660 1745 2732 transmittitur,

201 2768 234 2818 ts
247 2767 357 2840 potest
382 2774 454 2817 esse
472 2755 703 2844 artis'nnstrna
719 2756 872 2818 studiosis
888 2759 948 2821 sei·
999 2763 1041 2820 s'ss
1056 2760 1193 2820 LXXII.
1215 2758 1337 2819 aolidae
1356 2759 1442 2817 libro
1462 2757 1592 2835 seratur
1604 2767 1744 2834 accepto.

201 2856 309 2919 entiae
325 2875 505 2937 operosae,
528 2876 708 2941 parumque
726 2855 787 2917 sibi
804 2856 843 2918 ad
863 2879 949 2921 surn-
1003 2857 1068 2918 Hie
1086 2854 1265 2918 solidorum
1282 2856 1414 2918 Lxxu.
1433 2854 1466 2914 in
1488 2853 1571 2916 libra
1588 2874 1745 2918 numerus

203 2957 494 3038 mamproluturse
511 2956 657 3019 utilitas?
698 2957 830 3020 Omissa
846 2958 948 3042 igitur
1003 2956 1133 3019 insulsis
1151 2955 1672 3019 adlusionibnsltoeaeroansam
1690 2955 1746 3046 «1οῇ

202 3057 293 3118 omni
318 3058 350 3116 in
373 3059 456 3122 llaec
480 3047 666 3140 inquirendi
685 3072 802 3122 nonstn
823 3059 864 3122 da
880 3079 945 3123 una
1003 3058 1059 3120 dit.
1083 3058 1139 3120 iiie
1155 3057 1188 3118 iss
1204 3058 1284 3120 setis
1300 3077 1401 3141 pspse
1420 3057 1745 3120 llsroelliniLllel.

202 3162 326 3232 solido,
348 3179 446 3220 numo
466 3160 536 3236 ejus
560 3159 633 3222 neri
650 3161 813 3242 principe,
834 3163 947 3224 uariis·
1004 3158 1151 3241 episcopi
1174 3158 1347 3220 Sinuessae
1372 3159 1562 3240 congregati
1588 3168 1745 3220 roosntnr

203 3277 266 3338 qne
285 3259 469 3322 nominibus
480 3271 707 3322 monetaneum
725 3259 834 3324 inditis
844 3281 944 3348 agere
1001 3263 1414 3326 animaduersurum
1424 3256 1745 3333 occidun,etLXXll.

201 3359 346 3420 instituo.
386 3397 388 3404 ·
1003 3359 1180 3442 discipulos
1206 3359 1358 3422 sedulius
1381 3357 1525 3442 appellst
1552 3375 1684 3420 nursam
1705 3360 1744 3418 ls'·

265 3458 414 3521 sotum
425 3457 637 3540 praecipuum
656 3458 816 3522 initiare
833 3480 948 3548 mnne3
1003 3464 1101 3523 brom.
1147 3458 1304 3522 Martialis
1329 3455 1469 3521 similem
1493 3454 1599 3518 lusum
1616 3453 1649 3540 d)
1666 3455 1744 3534 alias

201 3558 282 3622 turia
301 3558 460 3622 inferiore
486 3579 625 3637 nomen,
656 3580 721 3621 non
742 3559 839 3622 modo
856 3561 944 3644 qaod
1002 3557 1143 3624 iudicavi
1158 3565 1199 3640 ⁸).

201 3681 317 3723 numos
339 3680 457 3724 aurens
485 3660 565 3736 luit,
604 3661 799 3745 maximique
820 3661 852 3722 in
876 3682 944 3724 mo·
1063 3659 1745 3742 inhonelonamdistslimsntionempon·

200 3778 276 3827 nela
302 3783 399 3826 aures
424 3760 587 3824 ordinaris
613 3760 785 3844 ponderis,
807 3763 866 3826 sed
885 3765 944 3826 eti·
1001 3761 1135 3839 derum,
1163 3782 1246 3845 quaa
1274 3760 1489 3828 Exsolvit.
1511 3749 1674 3824 somni.
1695 3761 1742 3820 iu·

200 3885 249 3952 sun
268 3865 360 3949 qnia,
391 3879 428 3927 ut
449 3865 526 3926 olim
545 3863 578 3924 in
598 3865 775 3940 sestertiis,
798 3865 842 3927 ita
856 3883 943 3928 naun
1000 3864 1205 3942 scribuntur,
1227 3861 1532 3948 suntqnehsntsnus
1549 3860 1679 3944 ongnits
1693 3847 1744 3930 si,-

199 3967 233 4028 in
255 3966 388 4042 solidis,
415 3965 524 4028 ornnis
553 3965 636 4028 ratio
660 3967 848 4050 pecuniaria
868 3985 944 4050 per·
1000 3969 1150 4052 quentin:

198 4069 251 4152 agi
276 4067 397 4150 eoepit.
440 4065 537 4128 Numi
563 4067 677 4146 solidi,
714 4081 863 4152 tannssn
901 4064 942 4130 sb
1060 4070 1101 4130 D.
1123 4071 1163 4132 N.
1185 4064 1427 4134 nonomvs.
1443 4063 1482 4130 P.
1498 4063 1538 4127 F.
1559 4061 1659 4130 AVG.
1684 4067 1742 4128 Co·

198 4169 386 4232 Alexandro
410 4171 537 4232 Serere
566 4169 714 4252 percussi
743 4169 805 4253 jem
829 4169 943 4232 menti·
994 4182 1057 4253 put
1079 4159 1217 4260 Hortarii
1245 4173 1422 4232 barbatum.
1465 4161 1497 4236 1,
1527 4162 1741 4236 Exnsstvll.

198 4269 247 4331 nit
282 4269 488 4354 Lampridius
513 4271 562 4348 ¹),
607 4271 793 4337 existimant
830 4286 939 4334 tamen
999 4271 1741 4342 son1ntustnnsamosttaocaus,s.00s·

199 4369 337 4446 eruditi,
367 4371 592 4454 Lampridium
613 4376 823 4450 προληπτικως
850 4373 940 4437 lona·
996 4379 1163 4452 maniae.
1206 4371 1338 4436 Pondus
1352 4370 1421 4433 Ali.
1447 4387 1580 4452 psrrusn
1604 4366 1739 4452 quadra·

199 4515 1737 4552 “uun—w

231 4603 261 4674 a)
281 4600 312 4656 ln
331 4597 502 4656 Alexandro
521 4617 549 4659 c.
567 4610 614 4672 39.
675 4629 680 4634 ·
722 4599 757 4674 b)
776 4603 892 4662 ileum.
906 4603 939 4664 lu.
956 4603 1008 4664 Π.
1026 4591 1057 4683 p.
1073 4623 1114 4666 m·
1130 4613 1192 4671 111.
1208 4625 1214 4639 ·
1282 4605 1314 4676 ο)
1331 4599 1409 4664 (loll.
1426 4601 1460 4662 lu·
1478 4601 1516 4662 X.
1535 4601 1580 4661 lli·
1599 4613 1644 4669 {⁰—
1664 4604 1690 4680 β’.
1709 4611 1735 4666 Β,

194 4687 228 4764 d)
246 4689 279 4748 1..
299 4689 337 4746 Χ.
356 4708 405 4765 ep.
423 4697 470 4751 st.
543 4689 574 4760 s)
594 4687 712 4754 Vol-V.
726 4703 794 4768 pap.
807 4702 857 4788 Ι29.
