4430 5568
480 436 557 527 ,34-
1092 423 1282 499 capvt
1315 421 1417 498 xtv.

484 614 665 686 Courtnntii
688 613 729 676 ll.
779 613 817 674 lu
845 609 952 672 numia
981 605 1095 670 Gallie
1125 607 1228 670 Placi-
1283 620 1350 670 ator
1372 605 1559 689 complures
1590 605 1770 674 vicennalia
1802 591 1873 694 ipe·
1892 622 2029 696 lautum

482 722 555 784 diae
583 715 719 788 VOTA.
749 716 821 778 ΧΧ.
854 713 993 781 MVLT.
1022 711 1124 774 XXX.
1152 723 1228 772 aunt
1283 718 1317 774 et
1347 707 1545 790 cogitatione
1574 709 1792 794 praecepitur.
1846 713 2031 786 Enimvero

480 821 542 885 lilii
556 795 775 890 Valentiniani
798 809 852 876 1112
896 813 975 890 llla,
1010 831 1093 896 quae
1114 825 1227 874 notan·
1283 808 1371 894 qnod
1399 823 1547 875 oratoren
1578 814 1773 897 permirtum
1812 813 1875 878 ribi
1902 833 2030 903 putant,

481 937 537 988 tur
557 924 591 984 in
612 920 719 983 numia
741 915 929 991 Eudoxiae,
954 934 1036 998 quae
1058 914 1120 978 fuit
1142 934 1235 990 uxor
1281 909 1383 973 laturi
1404 914 1562 997 temporie
1592 915 1714 996 exitum
1734 917 1915 983 verborum
1936 921 2030 988 leno-

483 1022 665 1092 Tbeodoaii
686 1022 747 1099 tt,
780 1017 994 1092 Pulcherine,
1023 1015 1242 1100 aliarumque*
1281 1011 1375 1076 ciniia
1396 1033 1574 1098 occupare,
1604 1015 1692 1079 istud
1723 1018 1784 1080 tibi
1805 1019 1887 1102 juria
1908 1037 1943 1086 et
1962 1024 2026 1107 ipsi

481 1129 553 1212 ejua
586 1125 707 1190 aetalia
732 1126 967 1203 Augustarum,
1008 1117 1050 1180 ad
1085 1135 1224 1180 coaevos
1280 1115 1636 1200 videnturadrogaaae.
1680 1119 1736 1183 Sic
1758 1123 1846 1184 euim
1862 1122 1959 1188 libuit
1979 1127 2027 1190 di·

479 1226 832 1312 Augustoapertinent,
854 1221 1146 1304 utinaiogulacum
1158 1240 1226 1282 mo·
1282 1238 1360 1282 cere
1389 1221 1530 1284 Nazario
1561 1221 1595 1282 in
1624 1223 1709 1286 notia
1731 1223 2028 1308 quinquennalibua

479 1345 555 1394 neta
571 1329 721 1391 diximus.
983 1363 988 1372 ·
1282 1321 1406 1405 Critpi,
1436 1337 1472 1398 et
1490 1323 1693 1387 Conatautini
1707 1325 1774 1408 jun.
1789 1325 1833 1408 ι1).
1878 1333 2028 1394 Manae

540 1427 850 1500 OBSERVA'PVM
875 1423 962 1492 vltt.
1013 1426 1225 1504 Imperatores
1281 1429 1407 1508 quidem
1415 1431 2026 1512 naamaeaentiunamacimaoaluptate,

479 1537 653 1614 reperiaris
666 1533 741 1594 aeci
753 1531 883 1592 nanniai
892 1528 1006 1590 aalutie
1019 1529 1225 1604 eatinpriari·
1281 1532 1340 1590 aad
1360 1531 1560 1592 lenocinatur
1588 1533 1639 1592 hit
1651 1535 1728 1608 jam
1743 1535 1852 1611 saturi
1868 1539 1972 1612 ratic,
1994 1547 2028 1600 et

480 1639 538 1700 bna
556 1641 762 1713 maceperunt
774 1640 849 1694 cota
866 1632 979 1692 ordina
997 1629 1175 1707 sentientia.
1281 1633 1564 1712 quaeternporibua
1571 1635 1740 1710 disparata
1747 1643 1832 1714 nunt,
1847 1641 2027 1700 animarent

541 1737 670 1797 Docent
688 1732 775 1794 ittnd
800 1729 889 1789 numi
907 1725 1062 1789 Antonini
1077 1726 1145 1801 Pii,
1178 1727 1223 1789 Μ.
1275 1735 1731 1814 praeaumptionejunquntur,
1748 1767 1793 1782 ι·-
1809 1767 1853 1784 -
1869 1772 1912 1784 -
1927 1741 2027 1816 Qvi„-

476 1836 623 1914 Aurelii,
646 1831 804 1907 Gallieni,
826 1827 983 1892 Postumi.
1006 1827 1095 1889 latud
1109 1843 1222 1911 suapte
1280 1835 1455 1916 quennalr'a
1475 1837 1729 1899 beatiatirnorunt
1747 1840 1920 1901 Caeterum
1935 1859 2027 1904 eccu-

476 1931 1021 2021 manileatum'commentoiandum
1030 1931 1224 1996 amantur-
1275 1943 1372 2013 pataa
1387 1939 1422 1996 in
1434 1939 1569 2016 paudiir
1581 1934 1714 2014 habant,
1736 1944 1795 2002 aad
1806 1944 1842 2002 ira
1854 1945 2027 2006 annunti

477 2054 529 2106 rat
544 2059 638 2104 cauea
653 2036 897 2122 perversitatis,
919 2054 1015 2120 quam
1030 2033 1222 2100 dabimuain
1279 2039 1442 2098 decaniis
1456 2041 1532 2114 jaan
1555 2048 1632 2099 acta
1644 2043 1873 2118 properantia,
1903 2052 1937 2104 et
1953 2063 2025 2123 apen

477 2143 652 2210 obterente
669 2153 837 2225 aequente.
1278 2139 1799 2202 caluneaconrtiternnt.·---
1817 2145 1934 2206 Verum
1947 2147 2028 2226 quid

541 2242 848 2313 Onsnttvnnvtt
864 2241 919 2304 tx.
945 2244 1042 2320 Multi
1056 2245 1222 2321 imperate·
1279 2242 1406 2319 apimua
1428 2243 1565 2317 vicenis,
1596 2252 1655 2304 ent
1670 2249 1746 2321 jam
1772 2247 1904 2307 tricenis
1928 2249 2025 2309 anaia

477 2369 528 2412 rea
549 2349 715 2427 inferioris
739 2349 814 2408 aeci
833 2350 972 2412 nandum
1003 2347 1117 2406 aalntia
1139 2346 1223 2406 cotia
1278 2343 1581 2418 circumscribendo,
1602 2365 1686 2426 quae
1702 2354 1835 2408 cetuna
1848 2347 2026 2413 nantinus?

471 2453 636 2528 prioribaa
654 2451 914 2526 anticipaverunt
926 2449 1101 2529 aequantia
1279 2445 1449 2522 Ampliara
1472 2453 1548 2506 aunt
1569 2449 1686 2508 marita
1696 2449 1897 2530 principem,
1927 2469 2026 2532 quana

544 2547 719 2631 Imperavit
736 2549 869 2607 Tacitus
891 2565 1020 2608 menaea
1043 2537 1120 2622 aex,
1140 2543 1224 2626 legi·
1279 2556 1392 2625 aptata
1409 2556 1552 2608 catorum
1567 2557 1629 2610 etc.

477 2669 549 2711 naun
578 2661 686 2712 tamen
716 2646 749 2707 in
781 2646 850 2729 ejua
880 2647 987 2710 numia
1013 2643 1221 2717 vortex.
1285 2641 1304 2680 ·’
1342 2639 1648 2712 onsnnvATvtl
1667 2649 1706 2710 Χ.
1727 2652 2025 2730 Imperatorercota

475 2753 548 2814 ET.
575 2751 666 2825 XX,
704 2747 803 2810 itema
841 2747 986 2816 votts.
1017 2750 1105 2823 ΧΧ.,
1139 2766 1222 2830 ergo
1277 2749 1522 2824 niceanacepta,
1545 2751 2024 2834 ainaaalutanonraraperan·

476 2851 531 2936 qui
562 2871 603 2913 ne
640 2849 891 2934 quinquennalia
927 2847 1059 2931 quidem
1089 2849 1220 2912 toliere
1278 2868 1337 2910 noa
1351 2858 1515 2929 requenter
1531 2851 1566 2909 in
1583 2856 1917 2919 nuntiarertituernnt.

475 2954 601 3035 potuit,
631 2971 708 3016 utut
730 2965 781 3014 eat
802 2949 962 3026 formula,
990 2970 1051 3033 qua
1074 2953 1123 3012 uei
1145 2964 1221 3014 aunt
1293 2976 1296 2984 ¹
1339 2947 1444 3028 Hujua
1461 2948 1680 3013 teatimanium
1699 2953 1861 3035 praebent
1881 2959 2022 3040 primurn

475 3056 517 3129 ii,
541 3054 596 3136 qui
611 3051 802 3115 decennalia
818 3071 854 3114 re
873 3051 941 3133 ipaa
959 3044 1137 3115 solverunt.
1182 3055 1218 3114 ln
1275 3049 1367 3110 nunti
1391 3049 1547 3112 Antonini
1566 3051 1636 3125 Pii3
1663 3075 1736 3116 nam
1756 3070 1791 3118 ut
1813 3057 1854 3136 in,
1874 3058 1926 3122 bia
1943 3061 2020 3129 VO·

473 3156 577 3220 Probi
606 3157 759 3218 aexennia
790 3153 895 3216 numia
921 3153 1033 3236 legant
1073 3151 1218 3220 vonts.
1278 3151 2023 3245 nt.svscnt’.nncnnn.111.juagumua

473 3257 515 3318 X.
536 3257 606 3319 ΕΤ.
625 3256 697 3320 ΧΧ.
715 3265 815 3341 'arque
836 3275 877 3318 ne
895 3276 958 3319 non
980 3254 1220 3320 tolutadeoen·
1277 3273 1350 3316 cuna
1374 3254 1443 3316 TR.
1465 3253 1503 3318 P.
1525 3255 1647 3334 xxti,
1678 3257 1725 3322 aic
1748 3259 1863 3322 eadem
1884 3261 2023 3348 jungun-

474 3361 558 3423 nalia
589 3359 770 3441 intelligar,
799 3377 840 3420 en
872 3355 930 3418 tibi
959 3357 992 3417 in
1020 3357 1219 3440 nominarint
1275 3367 1330 3419 tur
1359 3357 1455 3418 etiarn
1486 3377 1559 3420 cum
1593 3361 1662 3420 ΤΒ.
1693 3361 1730 3420 Ρ.
1760 3363 1879 3428 ΧΧΙΙΙ.
1927 3369 2024 3432 enm.

474 3463 564 3526 aliia:
587 3460 721 3530 VO'I'A.
742 3458 929 3524 sonv'tn.
944 3460 983 3520 X.
1002 3460 1078 3544 quin
1100 3460 1217 3523 etiami
1275 3459 1364 3524 naudi
1394 3459 1532 3528 vote.
1560 3461 1812 3526 DECENNatia
1840 3465 2022 3550 SVSCepta

471 3562 578 3633 VOT.
605 3563 708 3626 XXX.
740 3561 917 3629 MVlaTlS.
946 3563 1100 3640 XXXX,
1134 3585 1218 3648 quae
1274 3563 1367 3648 legar
1388 3563 1420 3624 in
1443 3563 1516 3645 ejua
1535 3563 1611 3626 trib.
1642 3578 1805 3648 potestate
1828 3570 1885 3635 Vl.
1908 3571 1964 3632 lll.
1986 3583 2022 3633 et

473 3665 604 3754 quidem
636 3665 786 3750 prodigia
820 3665 935 3748 quibua
966 3657 1087 3748 quaero
1117 3667 1217 3729 naaria
1274 3669 1333 3744 X,
1367 3648 1400 3730 et
1422 3665 1552 3729 tandem
1577 3665 1720 3731 SOLnta
1741 3667 1964 3733 DECennalia
1984 3669 2020 3732 in

472 3757 690 3854 procurabit?
733 3768 888 3854 Ejuadem
917 3782 1051 3831 naturae
1075 3782 1217 3833 monatra
1273 3768 1439 3832 tribunatu
1457 3771 1511 3831 Xl.
1533 3771 1675 3834 Severus
1697 3789 1827 3854 quoqne
1846 3771 1942 3834 rariia
1957 3791 2021 3854 per

473 3870 547 3932 vide
590 3871 624 3932 in
667 3887 796 3934 moneta
839 3871 976 3946 Licinii,
1021 3855 1215 3947 Conatantia,
1274 3873 1413 3956 primurn
1439 3871 1632 3934 decennium
1655 3875 1842 3937 annia'vata
1868 3885 2021 3958 anacepta

473 3971 675 4053 Magnenlli‚
727 3973 832 4052 Galli,
889 3973 1044 4052 tuliani,
1083 3971 1214 4046 luviani,
1274 3971 1466 4036 decennalia
1488 3971 1671 4054 iuurripait,
1702 3987 1735 4038 et
1759 3974 1890 4059 quidam
1911 3973 2018 4044 VO'P.

472 4070 691 4137 Valentiniani
734 4078 780 4150 l.,
836 4077 1002 4152 Valentis,
1062 4077 1215 4151 Zenonia,
1274 4059 1392 4142 ἔνθα
1421 4075 1518 4138 DEC.
1549 4075 1655 4143 adbuc
1685 4077 1718 4139 in
1750 4079 1826 4144 trib.
1856 4091 2018 4164 potestate

471 4174 650 4256 llnaataaii3
673 4175 705 4235 in
732 4178 836 4239 numia
858 4179 1023 4256 Basilisci,
1046 4180 1136 4260 cujua
1158 4177 1216 4238 im·
1272 4181 1330 4254 tt,
1362 4177 1639 4242 etConatentinut
1662 4183 1708 4246 ld.
1741 4183 1847 4246 uoluta
1868 4184 2019 4246 vicenna-

473 4275 601 4360 perium
642 4299 780 4340 annuum
821 4280 902 4361 suit,
944 4283 1103 4366 jactantur
1140 4292 1215 4346 vote
1273 4279 1669 4367 liapluribuapoatbaec
1691 4285 1960 4360 annitreatituit,
1981 4297 2019 4348 ut

468 4379 602 4445 XXXX.
646 4381 872 4447 Adconerum
894 4399 962 4461 eat,
991 4383 1077 4468 quod
1097 4385 1136 4447 ad
1158 4397 1215 4448 nu·
1271 4383 1395 4448 dictum
1410 4385 1442 4446 in
1459 4383 1553 4467 bujua
1569 4387 1686 4452 numia.
1729 4385 1816 4450 Hinc
1838 4385 2017 4464 erudimur,

470 4503 540 4548 moa
567 4485 690 4548 tinnilen
718 4485 797 4550 dixit
819 4487 1001 4552 Banduriut
1026 4490 1073 4572 ⁸),
1103 4490 1214 4572 Augu·
1271 4507 1313 4551 ex
1341 4487 1448 4550 numia
1478 4507 1538 4551 noa
1568 4499 1678 4552 certon
1706 4507 1779 4553 erae
1810 4509 1876 4551 non
1906 4507 2015 4573 ponne,

502 4701 537 4772 a)
555 4699 638 4758 Tum·
659 4699 697 4762 ll.
717 4722 785 4781 pag.
802 4713 866 4778 429.
940 4704 975 4779 b)
995 4701 1152 4814 iql'uueg.
1167 4701 1320 4764 Constant.
1337 4703 1375 4762 tt.
1392 4721 1455 4780 cap.
1470 4713 1495 4765 t.
