4404 5564
1012 1185 1659 1344 ADDENDA

1302 1429 1374 1488 AD

597 1609 1236 1712 {votvmaa
1360 1565 2096 1692 SEP'TIMVM

1115 1912 1563 1944 *⁸¹³*-

769 2269 807 2332 P.
821 2285 851 2344 7.
870 2265 975 2330 cola.
994 2265 1055 2331 lin.
1066 2281 1118 2345 ²7·
1369 2280 1435 2322 non
1457 2281 1574 2344 panca,
1600 2281 1684 2345 qnae
1702 2260 1787 2324 illud
1802 2262 1929 2348 aliquot
1947 2269 2048 2330 annis
2072 2269 2126 2330 dir

567 2317 649 2432 Pro
658 2371 809 2452 pecunia
826 2371 902 2452 lege
920 2387 1053 2431 corona.
1189 2371 1195 2378 '
1368 2363 1543 2427 ferendum
1559 2363 1668 2448 potine
1687 2363 1853 2432 suadeant.

825 2557 863 2618 P.
875 2555 926 2620 28.
945 2555 1048 2618 col-1.
1537 2550 1577 2615 Ρ.
1590 2567 1662 2630 207.
1681 2551 1743 2613 col.
1760 2570 1791 2616 2.
1809 2557 1871 2620 lin.
1885 2555 1939 2620 23.

630 2676 827 2742 adtentum
844 2676 908 2738 hoc
923 2674 1015 2750 loco,
1030 2673 1114 2734 hanc
1131 2670 1312 2735 columnam
1433 2669 1500 2730 Pro
1511 2669 2124 2759 BRITANNICAElegeBRITTAN·

570 2779 841 2864 procumbentem
857 2778 949 2840 aPio
965 2777 1021 2844 vl.
1038 2775 1139 2836 inisse
1157 2785 1311 2848 erectam,
1368 2771 1512 2838 NICAE.

542 2895 603 2946 ,et
633 2879 729 2957 vide,
757 2899 839 2962 quae
865 2877 908 2941 de
930 2877 1044 2947 eadem
1070 2874 1139 2936 dixi
1160 2875 1236 2942 Vol.
1252 2877 1311 2944 VI.

529 3007 535 3019 ι
567 2980 810 3066 actaeona
1547 2963 1587 3028 P.
1600 2961 1792 3041 Sacram.
1811 2963 1871 3027 lin.
1887 2967 1931 3028 15.

745 3169 777 3230 P
801 3164 859 3230 188
887 3163 944 3226 σοι
969 3179 980 3222 1
1013 3160 1063 3226 15„
1085 3159 1126 3224 33
1432 3080 1500 3143 ΡΝ)
1513 3101 1672 3166 generum
1690 3082 1767 3167 lege
1787 3105 1943 3147 socerum.

631 3283 1004 3352 Pronnttnn'nlcnss
1016 3283 1094 3368 lege
1104 3281 1315 3346 BRITTAN·
1551 3273 1589 3334 P.
1600 3269 1672 3346 384.
1690 3269 1754 3336 col.
1765 3289 1793 3334 a.
1812 3271 1871 3332 lin.
1884 3271 1930 3335 28.

567 3391 711 3457 Ntcass.
1437 3390 1587 3454 Alteram
1605 3385 1826 3454 testimonium
1841 3389 1955 3468 Taciti,
1981 3395 2099 3476 agentis

1376 3491 1418 3556 de
1437 3492 1494 3568 iia,
1510 3514 1591 3575 quac
1608 3491 1762 3556 adversus
1776 3493 1859 3578 ignis
1880 3494 2011 3578 pericnia
2029 3513 2097 3578 past

579 3571 1080 3656 Pl¹qi·0⁰l·¹·li'¹·²9·P⁰³t·'
1101 3573 1307 3638 diximus·
1375 3614 1475 3677 grave
1511 3593 1696 3658 incendium
1727 3595 1940 3658 Neronianum
1973 3595 2092 3662 decreta

632 3697 725 3758 Hace
755 3713 828 3756 cum
857 3691 1055 3768 scriberem,
1093 3711 1158 3772 non
1189 3691 1315 3754 adverti
1372 3695 1478 3774 fuere,
1495 3695 1626 3778 (rinnai,
1640 3697 1710 3763 XV.
1725 3699 1795 3777 43.)
1810 3697 1952 3760 nimirum
1967 3712 1999 3762 ut
2011 3705 2090 3762 aedi·

569 3797 729 3874 animum,
759 3795 900 3859 Dionem
929 3793 1016 3856 hunc
1046 3783 1229 3876 nuptiarum
1260 3813 1314 3856 cu·
1359 3795 1448 3886 ficia
1468 3799 1541 3880 ipsa
1562 3809 1653 3860 certa
1673 3802 1729 3860 sui
1744 3811 1843 3880 parta
1862 3802 1928 3864 sine
1946 3803 2087 3879 trabibus,

569 3912 662 3962 rante
686 3899 837 3962 Faustina
863 3909 1050 3980 apparatum
1073 3915 1137 3956 nnn
1162 3909 1312 3979 tanquam
1370 3918 1455 3962 saxo
1491 3897 1629 3968 ¹Gabino
1659 3901 1836 3964 Albanove
1872 3904 2082 3982 solidarentur,

570 4021 702 4078 verum,
733 4001 792 4062 aed
821 4001 947 4066 Severo
976 3997 1106 4061 nonnisi
1135 3997 1314 4060 secundum
1372 4003 1462 4079 qnod
1475 4003 1506 4061 is
1523 3999 1611 4080 lapis
1625 4001 1759 4083 ignibus
1773 4007 1943 4086 impervius
1955 4021 2004 4071 est.
2024 4009 2081 4070 He·

573 4101 715 4188 quietem
727 4101 869 4166 oblatum
880 4121 1044 4168 enarrare.
1066 4099 1313 4178 naviatenam,
1372 4101 1526 4164 rodianus
1544 4121 1672 4164 caucam
1691 4107 1859 4189 propagati
1876 4121 1931 4170 tnm
1946 4109 2079 4173 celeriter

572 4204 685 4268 cadem
712 4205 828 4268 Dionia
855 4205 956 4270 verba
984 4200 1133 4265 nonnihil
1162 4203 1314 4288 ambigue
1372 4207 1514 4281 Romae,
1546 4203 1727 4288 imperante
1749 4207 1932 4288 Maximino,
1955 4193 2077 4274 incendii

570 4309 738 4394 proposita
757 4307 1002 4373 Tillemcntinm
1022 4327 1152 4392 qaoque
1172 4306 1205 4368 in
1225 4325 1316 4368 erro·
1373 4305 1502 4370 confert
1518 4305 1550 4368 in
1568 4307 1699 4390 ligneas
1716 4310 2075 4396 aedficiorumprojcctu·

571 4431 642 4474 rem
666 4411 842 4476 induxisse.
873 4413 972 4492 (Nota
991 4411 1047 4476 vl.
1068 4407 1101 4468 in
1127 4409 1314 4488 Severum.)
1372 4431 1438 4484 ras,
1451 4409 1575 4488 quales,
1592 4409 1690 4488 addit,
1707 4415 1743 4474 in
1758 4414 1839 4474 urbe
1851 4425 1919 4476 sunt
1929 4415 2071 4497 plurimae,

572 4515 706 4577 Causam
725 4533 807 4596 crgo
821 4533 885 4574 nnn
901 4511 1071 4588 habemus,
1087 4530 1168 4596 qaae
1183 4533 1243 4572 nas
1261 4531 1314 4574 co·
1371 4533 1420 4573 και
1438 4509 1466 4573 ie
1485 4535 1564 4588 τινες
1583 4511 1662 4592 ἦσαν
1683 4513 1778 4593 §enar
1799 4511 1915 4598 ἕξοχιιι,
1932 4519 2023 4578 natta
2040 4511 2072 4578 ia

573 4629 643 4700 gat,
664 4615 797 4678 nimium
813 4625 975 4678 maturare
992 4613 1108 4678 Severi
1125 4636 1197 4678 cum
1214 4615 1314 4675 Dom·
1371 4613 1460 4677 aivam
1477 4637 1557 4674 aare
1571 4637 1624 4690 την
1639 4620 1735 4692 πολιν,
1749 4629 1816 4679 tum
1836 4615 1868 4676 iu
1884 4619 1974 4682 domos
1985 4623 2070 4682 nimis

574 4737 614 4779 na
643 4716 847 4802 conjugium,
880 4716 1054 4802 praecipue
1084 4737 1155 4778 cum
1185 4715 1313 4778 obstent
1371 4717 1588 4800 constipatus,
1605 4729 1640 4780 et
1654 4723 1814 4782 materiae
1828 4720 1942 4801 ligneae
1955 4723 2067 4800 copiam.
