<?xml version="1.0" encoding="UTF-8"?>
<!DOCTYPE html PUBLIC "-//W3C//DTD XHTML 1.0 Transitional//EN"
    "http://www.w3.org/TR/xhtml1/DTD/xhtml1-transitional.dtd">
<html xmlns="http://www.w3.org/1999/xhtml" xml:lang="en" lang="en">
 <head>
  <title>
</title>
<meta http-equiv="Content-Type" content="text/html;charset=utf-8" />
  <meta name='ocr-system' content='tesseract 3.04.00' />
  <meta name='ocr-capabilities' content='ocr_page ocr_carea ocr_par ocr_line ocrx_word'/>
</head>
<body>
  <div class='ocr_page' id='page_1' title='image "./doctrinanvmorvm06grangoog/doctrinanvmorvm06grangoog_0116.png"; bbox 0 0 4440 5550; ppageno 0'>
   <div class='ocr_carea' id='block_1_1' title="bbox 735 421 1277 502">
    <p class='ocr_par' dir='ltr' id='par_1_1' title="bbox 735 421 1277 502">
     <span class='ocr_line' id='line_1_1' title="bbox 735 421 1277 502; baseline 0.007 -4"><span class='ocrx_word' id='word_1_1' title='bbox 735 421 1191 500; x_wconf 81' lang='lat' dir='ltr'><strong>CONSTANTINVS</strong></span> <span class='ocrx_word' id='word_1_2' title='bbox 1228 425 1277 502; x_wconf 87' lang='lat'><strong>11.</strong></span> 
     </span>
    </p>
   </div>
   <div class='ocr_carea' id='block_1_2' title="bbox 514 723 1505 821">
    <p class='ocr_par' dir='ltr' id='par_1_2' title="bbox 514 723 1505 821">
     <span class='ocr_line' id='line_1_2' title="bbox 514 723 1505 821; baseline 0.005 -38"><span class='ocrx_word' id='word_1_3' title='bbox 514 723 584 786; x_wconf 73' lang='lat' dir='ltr'><strong>n.</strong></span> <span class='ocrx_word' id='word_1_4' title='bbox 629 723 695 786; x_wconf 79' lang='lat'>01.</span> <span class='ocrx_word' id='word_1_5' title='bbox 740 723 1172 821; x_wconf 69' lang='lat' dir='ltr'>CONSTANTINVN</span> <span class='ocrx_word' id='word_1_6' title='bbox 1208 725 1254 786; x_wconf 88' lang='lat'>11.</span> <span class='ocrx_word' id='word_1_7' title='bbox 1297 727 1505 792; x_wconf 72' lang='lat' dir='ltr'>ermon.</span> 
     </span>
    </p>
   </div>
   <div class='ocr_carea' id='block_1_3' title="bbox 188 915 1862 2732">
    <p class='ocr_par' dir='ltr' id='par_1_3' title="bbox 216 915 1806 1913">
     <span class='ocr_line' id='line_1_3' title="bbox 297 915 1806 1004; baseline 0 -16"><span class='ocrx_word' id='word_1_8' title='bbox 297 918 499 989; x_wconf 70' lang='lat' dir='ltr'><strong>Constantini</strong></span> <span class='ocrx_word' id='word_1_9' title='bbox 520 919 566 983; x_wconf 79' lang='lat' dir='ltr'>td.</span> <span class='ocrx_word' id='word_1_10' title='bbox 589 937 631 982; x_wconf 81' lang='lat' dir='ltr'>ex</span> <span class='ocrx_word' id='word_1_11' title='bbox 654 915 773 981; x_wconf 85' lang='lat' dir='ltr'>Fausta</span> <span class='ocrx_word' id='word_1_12' title='bbox 794 916 880 980; x_wconf 88' lang='lat' dir='ltr'>lilius</span> <span class='ocrx_word' id='word_1_13' title='bbox 899 929 976 980; x_wconf 90' lang='lat' dir='ltr'>natu</span> <span class='ocrx_word' id='word_1_14' title='bbox 1034 935 1098 999; x_wconf 86' lang='lat' dir='ltr'>quo</span> <span class='ocrx_word' id='word_1_15' title='bbox 1128 917 1247 996; x_wconf 80' lang='lat' dir='ltr'>inient,</span> <span class='ocrx_word' id='word_1_16' title='bbox 1269 939 1327 982; x_wconf 87' lang='lat' dir='ltr'>eos</span> <span class='ocrx_word' id='word_1_17' title='bbox 1358 921 1442 1004; x_wconf 89' lang='lat' dir='ltr'>apud</span> <span class='ocrx_word' id='word_1_18' title='bbox 1471 919 1644 984; x_wconf 73' lang='lat' dir='ltr'>Atrebates</span> <span class='ocrx_word' id='word_1_19' title='bbox 1674 921 1806 990; x_wconf 65' lang='lat' dir='ltr'>fuisse*</span> 
     </span>
     <span class='ocr_line' id='line_1_4' title="bbox 216 1018 1186 1106; baseline -0.013 -14"><span class='ocrx_word' id='word_1_20' title='bbox 216 1025 402 1092; x_wconf 62' lang='lat' dir='ltr'>unanimus.</span> <span class='ocrx_word' id='word_1_21' title='bbox 442 1023 494 1084; x_wconf 86' lang='lat' dir='ltr'>De</span> <span class='ocrx_word' id='word_1_22' title='bbox 518 1043 603 1084; x_wconf 87' lang='lat' dir='ltr'>annu</span> <span class='ocrx_word' id='word_1_23' title='bbox 629 1019 727 1081; x_wconf 87' lang='lat' dir='ltr'>natali</span> <span class='ocrx_word' id='word_1_24' title='bbox 753 1018 880 1106; x_wconf 73' lang='lat' dir='ltr'>litigant</span> <span class='ocrx_word' id='word_1_25' title='bbox 904 1039 977 1080; x_wconf 85' lang='lat' dir='ltr'>ers·</span> <span class='ocrx_word' id='word_1_26' title='bbox 1034 1019 1186 1102; x_wconf 84' lang='lat' dir='ltr'>signatos.</span> 
     </span>
     <span class='ocr_line' id='line_1_5' title="bbox 233 1118 1779 1206; baseline -0.002 -19"><span class='ocrx_word' id='word_1_27' title='bbox 233 1123 303 1188; x_wconf 83' lang='lat' dir='ltr'>diti.</span> <span class='ocrx_word' id='word_1_28' title='bbox 345 1127 386 1192; x_wconf 99' lang='lat' dir='ltr'><strong>V.</strong></span> <span class='ocrx_word' id='word_1_29' title='bbox 410 1122 446 1184; x_wconf 90' lang='lat' dir='ltr'>C.</span> <span class='ocrx_word' id='word_1_30' title='bbox 469 1123 607 1202; x_wconf 84' lang='lat' dir='ltr'>so7oP.</span> <span class='ocrx_word' id='word_1_31' title='bbox 630 1121 669 1182; x_wconf 79' lang='lat' dir='ltr'><strong>X.</strong></span> <span class='ocrx_word' id='word_1_32' title='bbox 689 1120 750 1202; x_wconf 82' lang='lat'>3¹7</span> <span class='ocrx_word' id='word_1_33' title='bbox 771 1118 876 1182; x_wconf 86' lang='lat' dir='ltr'>dictus</span> <span class='ocrx_word' id='word_1_34' title='bbox 897 1122 977 1184; x_wconf 85' lang='lat' dir='ltr'>Cae·</span> <span class='ocrx_word' id='word_1_35' title='bbox 1095 1122 1136 1184; x_wconf 91' lang='lat' dir='ltr'>ll.</span> <span class='ocrx_word' id='word_1_36' title='bbox 1164 1119 1296 1183; x_wconf 89' lang='lat' dir='ltr'>Nullum</span> <span class='ocrx_word' id='word_1_37' title='bbox 1323 1123 1367 1183; x_wconf 91' lang='lat' dir='ltr'>sit</span> <span class='ocrx_word' id='word_1_38' title='bbox 1388 1121 1451 1183; x_wconf 88' lang='lat' dir='ltr'>sibi</span> <span class='ocrx_word' id='word_1_39' title='bbox 1473 1138 1682 1206; x_wconf 86' lang='lat' dir='ltr'>conspectum</span> <span class='ocrx_word' id='word_1_40' title='bbox 1706 1143 1779 1206; x_wconf 78' lang='lat' dir='ltr'>cer·</span> 
     </span>
     <span class='ocr_line' id='line_1_6' title="bbox 232 1213 1776 1310; baseline -0.003 -18"><span class='ocrx_word' id='word_1_41' title='bbox 232 1243 454 1292; x_wconf 73' lang='lat' dir='ltr'>monacum</span> <span class='ocrx_word' id='word_1_42' title='bbox 479 1220 940 1304; x_wconf 20' lang='lat' dir='ltr'>irstsweCrispoetLieinio</span> <span class='ocrx_word' id='word_1_43' title='bbox 930 1242 978 1302; x_wconf 73' lang='lat' dir='ltr'>pu·</span> <span class='ocrx_word' id='word_1_44' title='bbox 1035 1234 1102 1286; x_wconf 89' lang='lat' dir='ltr'>tum</span> <span class='ocrx_word' id='word_1_45' title='bbox 1128 1222 1330 1284; x_wconf 66' lang='lat' dir='ltr'>Constantini</span> <span class='ocrx_word' id='word_1_46' title='bbox 1354 1223 1442 1306; x_wconf 78' lang='lat' dir='ltr'>ejus,</span> <span class='ocrx_word' id='word_1_47' title='bbox 1474 1227 1530 1310; x_wconf 90' lang='lat' dir='ltr'>qui</span> <span class='ocrx_word' id='word_1_48' title='bbox 1556 1213 1666 1308; x_wconf 76' lang='lat' dir='ltr'>Msg&#39;ni</span> <span class='ocrx_word' id='word_1_49' title='bbox 1689 1224 1776 1286; x_wconf 85' lang='lat' dir='ltr'>lilius</span> 
     </span>
     <span class='ocr_line' id='line_1_7' title="bbox 233 1323 1777 1410; baseline -0.001 -20"><span class='ocrx_word' id='word_1_50' title='bbox 233 1324 490 1392; x_wconf 76' lang='lat' dir='ltr'>cicestriensis</span> <span class='ocrx_word' id='word_1_51' title='bbox 515 1323 769 1406; x_wconf 83' lang='lat' dir='ltr'>postprocessis</span> <span class='ocrx_word' id='word_1_52' title='bbox 791 1323 920 1397; x_wconf 88' lang='lat' dir='ltr'>consui,</span> <span class='ocrx_word' id='word_1_53' title='bbox 944 1335 978 1384; x_wconf 89' lang='lat' dir='ltr'>et</span> <span class='ocrx_word' id='word_1_54' title='bbox 1033 1323 1109 1398; x_wconf 85' lang='lat' dir='ltr'>luit,</span> <span class='ocrx_word' id='word_1_55' title='bbox 1141 1343 1291 1400; x_wconf 88' lang='lat' dir='ltr'>numum,</span> <span class='ocrx_word' id='word_1_56' title='bbox 1321 1323 1353 1384; x_wconf 90' lang='lat' dir='ltr'>in</span> <span class='ocrx_word' id='word_1_57' title='bbox 1384 1346 1448 1410; x_wconf 88' lang='lat' dir='ltr'>quo</span> <span class='ocrx_word' id='word_1_58' title='bbox 1477 1325 1530 1390; x_wconf 88' lang='lat' dir='ltr'>hic</span> <span class='ocrx_word' id='word_1_59' title='bbox 1552 1329 1619 1393; x_wconf 86' lang='lat' dir='ltr'><strong>FL.</strong></span> <span class='ocrx_word' id='word_1_60' title='bbox 1643 1328 1708 1392; x_wconf 77' lang='lat' dir='ltr'><strong>ct..</strong></span> <span class='ocrx_word' id='word_1_61' title='bbox 1731 1327 1777 1388; x_wconf 92' lang='lat' dir='ltr'>di·</span> 
     </span>
     <span class='ocr_line' id='line_1_8' title="bbox 233 1423 1777 1510; baseline -0.001 -20"><span class='ocrx_word' id='word_1_62' title='bbox 233 1425 388 1509; x_wconf 86' lang='lat' dir='ltr'>deinoeps</span> <span class='ocrx_word' id='word_1_63' title='bbox 407 1425 546 1508; x_wconf 85' lang='lat' dir='ltr'>saepius.</span> <span class='ocrx_word' id='word_1_64' title='bbox 591 1425 632 1493; x_wconf 81' lang='lat' dir='ltr'><strong>V.</strong></span> <span class='ocrx_word' id='word_1_65' title='bbox 652 1427 687 1489; x_wconf 86' lang='lat' dir='ltr'>C.</span> <span class='ocrx_word' id='word_1_66' title='bbox 709 1425 841 1488; x_wconf 72' lang='lat'><strong>108812.</strong></span> <span class='ocrx_word' id='word_1_67' title='bbox 859 1423 976 1488; x_wconf 77' lang='lat' dir='ltr'><strong>X.335</strong></span> <span class='ocrx_word' id='word_1_68' title='bbox 1033 1437 1183 1502; x_wconf 84' lang='lat' dir='ltr'>ccretnr;</span> <span class='ocrx_word' id='word_1_69' title='bbox 1206 1423 1326 1486; x_wconf 89' lang='lat' dir='ltr'>deinde</span> <span class='ocrx_word' id='word_1_70' title='bbox 1353 1425 1385 1487; x_wconf 90' lang='lat' dir='ltr'>in</span> <span class='ocrx_word' id='word_1_71' title='bbox 1411 1429 1586 1494; x_wconf 83' lang='lat' dir='ltr'>narcissis</span> <span class='ocrx_word' id='word_1_72' title='bbox 1612 1428 1777 1510; x_wconf 89' lang='lat' dir='ltr'>inscriptis</span> 
     </span>
     <span class='ocr_line' id='line_1_9' title="bbox 231 1523 1775 1614; baseline 0.001 -24"><span class='ocrx_word' id='word_1_73' title='bbox 231 1529 406 1612; x_wconf 87' lang='lat' dir='ltr'>imperium</span> <span class='ocrx_word' id='word_1_74' title='bbox 426 1527 513 1590; x_wconf 87' lang='lat' dir='ltr'>inter</span> <span class='ocrx_word' id='word_1_75' title='bbox 529 1525 615 1588; x_wconf 89' lang='lat' dir='ltr'>lilius</span> <span class='ocrx_word' id='word_1_76' title='bbox 634 1523 770 1614; x_wconf 57' lang='lat' dir='ltr'>partitus</span> <span class='ocrx_word' id='word_1_77' title='bbox 793 1539 887 1607; x_wconf 86' lang='lat' dir='ltr'>pater</span> <span class='ocrx_word' id='word_1_78' title='bbox 904 1527 976 1588; x_wconf 88' lang='lat' dir='ltr'>Bri·</span> <span class='ocrx_word' id='word_1_79' title='bbox 1032 1546 1164 1608; x_wconf 85' lang='lat' dir='ltr'>semper</span> <span class='ocrx_word' id='word_1_80' title='bbox 1186 1540 1261 1592; x_wconf 79' lang='lat' dir='ltr'>esse</span> <span class='ocrx_word' id='word_1_81' title='bbox 1287 1540 1384 1610; x_wconf 86' lang='lat' dir='ltr'>capnt</span> <span class='ocrx_word' id='word_1_82' title='bbox 1407 1529 1545 1604; x_wconf 82' lang='lat' dir='ltr'>nudum,</span> <span class='ocrx_word' id='word_1_83' title='bbox 1567 1531 1721 1592; x_wconf 88' lang='lat' dir='ltr'>nimirum</span> <span class='ocrx_word' id='word_1_84' title='bbox 1738 1544 1775 1610; x_wconf 75' lang='grc' dir='ltr'>ιιι</span> 
     </span>
     <span class='ocr_line' id='line_1_10' title="bbox 231 1625 1777 1714; baseline 0.001 -22"><span class='ocrx_word' id='word_1_85' title='bbox 231 1629 372 1692; x_wconf 87' lang='lat' dir='ltr'>tannism</span> <span class='ocrx_word' id='word_1_86' title='bbox 390 1625 457 1702; x_wconf 91' lang='lat' dir='ltr'>illi,</span> <span class='ocrx_word' id='word_1_87' title='bbox 480 1625 635 1703; x_wconf 84' lang='lat' dir='ltr'>Galliam,</span> <span class='ocrx_word' id='word_1_88' title='bbox 658 1627 894 1710; x_wconf 82' lang='lat' dir='ltr'>etHispsniam</span> <span class='ocrx_word' id='word_1_89' title='bbox 912 1627 976 1689; x_wconf 88' lang='lat' dir='ltr'>lar·</span> <span class='ocrx_word' id='word_1_90' title='bbox 1031 1625 1135 1690; x_wconf 89' lang='lat' dir='ltr'>l&#39;rster</span> <span class='ocrx_word' id='word_1_91' title='bbox 1166 1629 1368 1692; x_wconf 84' lang='lat' dir='ltr'>Constantini</span> <span class='ocrx_word' id='word_1_92' title='bbox 1395 1630 1441 1694; x_wconf 74' lang='lat' dir='ltr'><strong>N.</strong></span> <span class='ocrx_word' id='word_1_93' title='bbox 1471 1629 1730 1714; x_wconf 78' lang='lat' dir='ltr'>distingueretur</span> <span class='ocrx_word' id='word_1_94' title='bbox 1758 1654 1777 1694; x_wconf 87' lang='lat' dir='ltr'>a</span> 
     </span>
     <span class='ocr_line' id='line_1_11' title="bbox 232 1725 1776 1814; baseline 0.002 -24"><span class='ocrx_word' id='word_1_95' title='bbox 232 1730 335 1810; x_wconf 91' lang='lat' dir='ltr'>gitur,</span> <span class='ocrx_word' id='word_1_96' title='bbox 363 1729 515 1790; x_wconf 88' lang='lat' dir='ltr'>nimirum</span> <span class='ocrx_word' id='word_1_97' title='bbox 544 1749 623 1814; x_wconf 83' lang='lat' dir='ltr'>quas</span> <span class='ocrx_word' id='word_1_98' title='bbox 644 1729 715 1814; x_wconf 87' lang='lat' dir='ltr'>ipse</span> <span class='ocrx_word' id='word_1_99' title='bbox 736 1729 877 1814; x_wconf 89' lang='lat' dir='ltr'>primum</span> <span class='ocrx_word' id='word_1_100' title='bbox 899 1749 975 1813; x_wconf 90' lang='lat' dir='ltr'>pro·</span> <span class='ocrx_word' id='word_1_101' title='bbox 1031 1725 1100 1790; x_wconf 88' lang='lat' dir='ltr'>lilio</span> <span class='ocrx_word' id='word_1_102' title='bbox 1122 1742 1216 1790; x_wconf 87' lang='lat' dir='ltr'>certo</span> <span class='ocrx_word' id='word_1_103' title='bbox 1237 1727 1366 1812; x_wconf 88' lang='lat' dir='ltr'>imperii</span> <span class='ocrx_word' id='word_1_104' title='bbox 1387 1751 1596 1809; x_wconf 71' lang='lat' dir='ltr'>successore,</span> <span class='ocrx_word' id='word_1_105' title='bbox 1618 1733 1709 1813; x_wconf 87' lang='lat' dir='ltr'>cujus</span> <span class='ocrx_word' id='word_1_106' title='bbox 1726 1752 1776 1794; x_wconf 87' lang='lat' dir='ltr'>aa·</span> 
     </span>
     <span class='ocr_line' id='line_1_12' title="bbox 232 1825 1775 1913; baseline 0.001 -21"><span class='ocrx_word' id='word_1_107' title='bbox 232 1831 353 1899; x_wconf 78' lang='lat' dir='ltr'>vincias</span> <span class='ocrx_word' id='word_1_108' title='bbox 375 1828 499 1894; x_wconf 82' lang='lat' dir='ltr'>habuit.</span> <span class='ocrx_word' id='word_1_109' title='bbox 820 1825 831 1874; x_wconf 72' lang='grc' dir='ltr'>Ι</span> <span class='ocrx_word' id='word_1_110' title='bbox 928 1839 933 1854; x_wconf 92' lang='grc'>·</span> <span class='ocrx_word' id='word_1_111' title='bbox 1031 1843 1089 1912; x_wconf 90' lang='lat' dir='ltr'>put</span> <span class='ocrx_word' id='word_1_112' title='bbox 1107 1849 1240 1913; x_wconf 78' lang='lat' dir='ltr'>semper</span> <span class='ocrx_word' id='word_1_113' title='bbox 1259 1831 1494 1912; x_wconf 78' lang='lat' dir='ltr'>diadematum,</span> <span class='ocrx_word' id='word_1_114' title='bbox 1522 1848 1576 1906; x_wconf 83' lang='lat' dir='ltr'>aut</span> <span class='ocrx_word' id='word_1_115' title='bbox 1595 1836 1775 1896; x_wconf 88' lang='lat' dir='ltr'>laureatum</span> 
     </span>
    </p>

    <p class='ocr_par' dir='ltr' id='par_1_4' title="bbox 515 1930 1094 2015">
     <span class='ocr_line' id='line_1_13' title="bbox 515 1930 1094 2015; baseline 0 -23"><span class='ocrx_word' id='word_1_116' title='bbox 515 1977 536 2015; x_wconf 48' lang='lat'><em>⁶</em></span> <span class='ocrx_word' id='word_1_117' title='bbox 598 1930 617 1968; x_wconf 76' lang='lat'>³*</span> <span class='ocrx_word' id='word_1_118' title='bbox 679 1975 700 2014; x_wconf 72' lang='lat'><em>„</em></span> <span class='ocrx_word' id='word_1_119' title='bbox 1032 1943 1094 1992; x_wconf 87' lang='lat' dir='ltr'>est.</span> 
     </span>
    </p>

    <p class='ocr_par' dir='ltr' id='par_1_5' title="bbox 188 2028 1862 2730">
     <span class='ocr_line' id='line_1_14' title="bbox 188 2028 1776 2116; baseline -0.002 -19"><span class='ocrx_word' id='word_1_120' title='bbox 188 2043 195 2068; x_wconf 75' lang='lat'>⁸</span> <span class='ocrx_word' id='word_1_121' title='bbox 292 2028 628 2098; x_wconf 77' lang='lat' dir='ltr'>Animadvertendum</span> <span class='ocrx_word' id='word_1_122' title='bbox 648 2031 689 2094; x_wconf 87' lang='lat' dir='ltr'>sd</span> <span class='ocrx_word' id='word_1_123' title='bbox 709 2031 804 2113; x_wconf 88' lang='lat' dir='ltr'>hujus</span> <span class='ocrx_word' id='word_1_124' title='bbox 826 2030 974 2106; x_wconf 67' lang='lat' dir='ltr'>Qesaris</span> <span class='ocrx_word' id='word_1_125' title='bbox 1094 2035 1149 2097; x_wconf 90' lang='lat' dir='ltr'>ill.</span> <span class='ocrx_word' id='word_1_126' title='bbox 1172 2033 1273 2096; x_wconf 91' lang='lat' dir='ltr'>Nullo</span> <span class='ocrx_word' id='word_1_127' title='bbox 1287 2047 1381 2116; x_wconf 85' lang='lat' dir='ltr'>paeto</span> <span class='ocrx_word' id='word_1_128' title='bbox 1396 2035 1574 2110; x_wconf 87' lang='lat' dir='ltr'>credibile</span> <span class='ocrx_word' id='word_1_129' title='bbox 1592 2035 1776 2100; x_wconf 87' lang='lat' dir='ltr'>Constanti·</span> 
     </span>
     <span class='ocr_line' id='line_1_15' title="bbox 229 2133 1772 2218; baseline -0.003 -18"><span class='ocrx_word' id='word_1_130' title='bbox 229 2155 364 2211; x_wconf 83' lang='lat' dir='ltr'>numos,</span> <span class='ocrx_word' id='word_1_131' title='bbox 386 2133 419 2198; x_wconf 85' lang='lat' dir='ltr'>ei</span> <span class='ocrx_word' id='word_1_132' title='bbox 441 2134 597 2198; x_wconf 81' lang='lat' dir='ltr'>hactenus</span> <span class='ocrx_word' id='word_1_133' title='bbox 621 2150 752 2194; x_wconf 77' lang='lat' dir='ltr'>nemine</span> <span class='ocrx_word' id='word_1_134' title='bbox 769 2147 974 2216; x_wconf 84' lang='lat' dir='ltr'>repugnante</span> <span class='ocrx_word' id='word_1_135' title='bbox 1030 2153 1106 2193; x_wconf 89' lang='lat' dir='ltr'>num</span> <span class='ocrx_word' id='word_1_136' title='bbox 1129 2135 1174 2196; x_wconf 79' lang='lat' dir='ltr'><strong>N.</strong></span> <span class='ocrx_word' id='word_1_137' title='bbox 1197 2135 1340 2197; x_wconf 83' lang='lat' dir='ltr'>voluisse</span> <span class='ocrx_word' id='word_1_138' title='bbox 1364 2136 1493 2217; x_wconf 85' lang='lat' dir='ltr'>privare</span> <span class='ocrx_word' id='word_1_139' title='bbox 1517 2156 1707 2218; x_wconf 86' lang='lat' dir='ltr'>germanum</span> <span class='ocrx_word' id='word_1_140' title='bbox 1729 2135 1772 2197; x_wconf 88' lang='lat' dir='ltr'>sl-</span> 
     </span>
     <span class='ocr_line' id='line_1_16' title="bbox 229 2233 1776 2329; baseline -0.002 -28"><span class='ocrx_word' id='word_1_141' title='bbox 229 2238 370 2329; x_wconf 86' lang='lat' dir='ltr'>tributos</span> <span class='ocrx_word' id='word_1_142' title='bbox 400 2233 501 2298; x_wconf 83' lang='lat' dir='ltr'>fuisse</span> <span class='ocrx_word' id='word_1_143' title='bbox 533 2254 590 2297; x_wconf 88' lang='lat' dir='ltr'>eos</span> <span class='ocrx_word' id='word_1_144' title='bbox 622 2253 756 2311; x_wconf 90' lang='lat' dir='ltr'>omnes,</span> <span class='ocrx_word' id='word_1_145' title='bbox 786 2237 841 2318; x_wconf 89' lang='lat' dir='ltr'>qni</span> <span class='ocrx_word' id='word_1_146' title='bbox 871 2233 974 2299; x_wconf 91' lang='lat' dir='ltr'>CON·</span> <span class='ocrx_word' id='word_1_147' title='bbox 1031 2234 1134 2296; x_wconf 88' lang='lat' dir='ltr'>terius</span> <span class='ocrx_word' id='word_1_148' title='bbox 1160 2235 1246 2296; x_wconf 88' lang='lat' dir='ltr'>thori</span> <span class='ocrx_word' id='word_1_149' title='bbox 1269 2237 1526 2319; x_wconf 82' lang='lat' dir='ltr'>primogenitum</span> <span class='ocrx_word' id='word_1_150' title='bbox 1549 2239 1676 2299; x_wconf 88' lang='lat' dir='ltr'>honore</span> <span class='ocrx_word' id='word_1_151' title='bbox 1697 2237 1776 2298; x_wconf 90' lang='lat' dir='ltr'>Cae·</span> 
     </span>
     <span class='ocr_line' id='line_1_17' title="bbox 232 2318 1775 2421; baseline 0 -23"><span class='ocrx_word' id='word_1_152' title='bbox 232 2318 491 2402; x_wconf 78' lang='lat' dir='ltr'>S&#39;lANTlNVS.</span> <span class='ocrx_word' id='word_1_153' title='bbox 534 2331 689 2404; x_wconf 83' lang='lat' dir='ltr'>lVNlOil</span> <span class='ocrx_word' id='word_1_154' title='bbox 741 2333 975 2410; x_wconf 84' lang='lat' dir='ltr'>inscribuntur</span> <span class='ocrx_word' id='word_1_155' title='bbox 1031 2353 1143 2396; x_wconf 88' lang='lat' dir='ltr'>sareao</span> <span class='ocrx_word' id='word_1_156' title='bbox 1171 2334 1335 2418; x_wconf 79' lang='lat' dir='ltr'>dignitatis</span> <span class='ocrx_word' id='word_1_157' title='bbox 1364 2337 1426 2397; x_wconf 88' lang='lat' dir='ltr'>sibi</span> <span class='ocrx_word' id='word_1_158' title='bbox 1452 2357 1514 2420; x_wconf 90' lang='lat' dir='ltr'>per</span> <span class='ocrx_word' id='word_1_159' title='bbox 1540 2339 1629 2421; x_wconf 84' lang='lat' dir='ltr'>ipsos</span> <span class='ocrx_word' id='word_1_160' title='bbox 1652 2336 1775 2400; x_wconf 87' lang='lat' dir='ltr'>natales</span> 
     </span>
     <span class='ocr_line' id='line_1_18' title="bbox 227 2433 1862 2520; baseline -0.002 -18"><span class='ocrx_word' id='word_1_161' title='bbox 227 2444 353 2508; x_wconf 86' lang='lat' dir='ltr'>Varum</span> <span class='ocrx_word' id='word_1_162' title='bbox 383 2435 445 2498; x_wconf 88' lang='lat' dir='ltr'>cel.</span> <span class='ocrx_word' id='word_1_163' title='bbox 471 2435 622 2504; x_wconf 76' lang='lat' dir='ltr'>Vllesins</span> <span class='ocrx_word' id='word_1_164' title='bbox 645 2433 871 2499; x_wconf 83' lang='lat' dir='ltr'>dissertatione</span> <span class='ocrx_word' id='word_1_165' title='bbox 900 2453 975 2518; x_wconf 88' lang='lat' dir='ltr'>pro-</span> <span class='ocrx_word' id='word_1_166' title='bbox 1031 2435 1164 2512; x_wconf 86' lang='lat' dir='ltr'>debito,</span> <span class='ocrx_word' id='word_1_167' title='bbox 1200 2455 1299 2520; x_wconf 81' lang='lat' dir='ltr'>quem</span> <span class='ocrx_word' id='word_1_168' title='bbox 1331 2455 1410 2500; x_wconf 90' lang='lat' dir='ltr'>sane</span> <span class='ocrx_word' id='word_1_169' title='bbox 1439 2436 1561 2520; x_wconf 84' lang='lat' dir='ltr'>absque</span> <span class='ocrx_word' id='word_1_170' title='bbox 1586 2437 1776 2520; x_wconf 81' lang='lat' dir='ltr'>gravissima</span> <span class='ocrx_word' id='word_1_171' title='bbox 1853 2466 1862 2479; x_wconf 74' lang='grc'><em>·</em></span> 
     </span>
     <span class='ocr_line' id='line_1_19' title="bbox 228 2534 1844 2624; baseline -0.001 -22"><span class='ocrx_word' id='word_1_172' title='bbox 228 2541 293 2606; x_wconf 83' lang='lat' dir='ltr'>lixa</span> <span class='ocrx_word' id='word_1_173' title='bbox 323 2535 538 2624; x_wconf 89' lang='lat' dir='ltr'>comprobare</span> <span class='ocrx_word' id='word_1_174' title='bbox 567 2534 720 2612; x_wconf 88' lang='lat' dir='ltr'>instituit,</span> <span class='ocrx_word' id='word_1_175' title='bbox 758 2557 817 2600; x_wconf 90' lang='lat' dir='ltr'>eos</span> <span class='ocrx_word' id='word_1_176' title='bbox 846 2557 972 2611; x_wconf 90' lang='lat' dir='ltr'>numos,</span> <span class='ocrx_word' id='word_1_177' title='bbox 1029 2536 1170 2619; x_wconf 72' lang='lat' dir='ltr'>injuria,</span> <span class='ocrx_word' id='word_1_178' title='bbox 1186 2549 1219 2598; x_wconf 88' lang='lat' dir='ltr'>et</span> <span class='ocrx_word' id='word_1_179' title='bbox 1240 2537 1339 2599; x_wconf 91' lang='lat' dir='ltr'>totius</span> <span class='ocrx_word' id='word_1_180' title='bbox 1360 2535 1490 2621; x_wconf 86' lang='lat' dir='ltr'>imperii</span> <span class='ocrx_word' id='word_1_181' title='bbox 1514 2537 1698 2603; x_wconf 85' lang='lat' dir='ltr'>offensione</span> <span class='ocrx_word' id='word_1_182' title='bbox 1720 2559 1776 2600; x_wconf 90' lang='lat' dir='ltr'>ne-</span> <span class='ocrx_word' id='word_1_183' title='bbox 1834 2567 1844 2590; x_wconf 70' lang='grc' dir='ltr'>ι</span> 
     </span>
     <span class='ocr_line' id='line_1_20' title="bbox 226 2636 1775 2732; baseline -0.001 -27"><span class='ocrx_word' id='word_1_184' title='bbox 226 2643 283 2730; x_wconf 88' lang='lat' dir='ltr'>qui</span> <span class='ocrx_word' id='word_1_185' title='bbox 302 2638 505 2726; x_wconf 75' lang='lat' dir='ltr'>epigraphen</span> <span class='ocrx_word' id='word_1_186' title='bbox 530 2637 598 2700; x_wconf 75' lang='lat' dir='ltr'>en.</span> <span class='ocrx_word' id='word_1_187' title='bbox 622 2639 687 2702; x_wconf 84' lang='lat' dir='ltr'>CL.</span> <span class='ocrx_word' id='word_1_188' title='bbox 709 2636 972 2702; x_wconf 74' lang='lat' dir='ltr'><strong>CONSTANTI·</strong></span> <span class='ocrx_word' id='word_1_189' title='bbox 1030 2658 1108 2720; x_wconf 87' lang='lat' dir='ltr'>gare</span> <span class='ocrx_word' id='word_1_190' title='bbox 1129 2657 1193 2699; x_wconf 89' lang='lat' dir='ltr'>non</span> <span class='ocrx_word' id='word_1_191' title='bbox 1213 2637 1382 2719; x_wconf 82' lang='lat' dir='ltr'>potuisset.</span> <span class='ocrx_word' id='word_1_192' title='bbox 1426 2638 1462 2700; x_wconf 85' lang='lat' dir='ltr'>Si</span> <span class='ocrx_word' id='word_1_193' title='bbox 1484 2640 1701 2718; x_wconf 85' lang='lat' dir='ltr'>Caessrluit,</span> <span class='ocrx_word' id='word_1_194' title='bbox 1724 2661 1775 2732; x_wconf 83' lang='lat' dir='ltr'>er-</span> 
     </span>
    </p>
   </div>
   <div class='ocr_carea' id='block_1_4' title="bbox 224 2735 1889 2827">
    <p class='ocr_par' dir='ltr' id='par_1_6' title="bbox 224 2735 1889 2827">
     <span class='ocr_line' id='line_1_21' title="bbox 224 2735 1889 2827; baseline -0.001 -21"><span class='ocrx_word' id='word_1_195' title='bbox 224 2743 322 2812; x_wconf 84' lang='lat' dir='ltr'><strong>NVS.</strong></span> <span class='ocrx_word' id='word_1_196' title='bbox 341 2745 429 2814; x_wconf 87' lang='lat' dir='ltr'><strong>IVN.</strong></span> <span class='ocrx_word' id='word_1_197' title='bbox 445 2741 485 2802; x_wconf 90' lang='lat' dir='ltr'>N.</span> <span class='ocrx_word' id='word_1_198' title='bbox 501 2741 536 2804; x_wconf 90' lang='lat' dir='ltr'>C.</span> <span class='ocrx_word' id='word_1_199' title='bbox 553 2737 711 2812; x_wconf 74' lang='lat' dir='ltr'>sffermr,</span> <span class='ocrx_word' id='word_1_200' title='bbox 735 2739 972 2814; x_wconf 89' lang='lat' dir='ltr'>nonsdhnnc,</span> <span class='ocrx_word' id='word_1_201' title='bbox 1030 2759 1073 2820; x_wconf 86' lang='lat' dir='ltr'>go</span> <span class='ocrx_word' id='word_1_202' title='bbox 1093 2751 1220 2801; x_wconf 84' lang='lat' dir='ltr'>etsuos</span> <span class='ocrx_word' id='word_1_203' title='bbox 1241 2737 1506 2820; x_wconf 85' lang='lat' dir='ltr'>halsuitnumos,</span> <span class='ocrx_word' id='word_1_204' title='bbox 1528 2759 1668 2827; x_wconf 86' lang='lat' dir='ltr'>cosque,</span> <span class='ocrx_word' id='word_1_205' title='bbox 1690 2761 1773 2826; x_wconf 87' lang='lat' dir='ltr'>quos</span> <span class='ocrx_word' id='word_1_206' title='bbox 1876 2735 1889 2758; x_wconf 87' lang='lat'><em>⁰</em></span> 
     </span>
    </p>
   </div>
   <div class='ocr_carea' id='block_1_5' title="bbox 212 2839 1848 4460">
    <p class='ocr_par' dir='ltr' id='par_1_7' title="bbox 212 2839 1848 4460">
     <span class='ocr_line' id='line_1_22' title="bbox 225 2839 1253 2928; baseline -0.008 -18"><span class='ocrx_word' id='word_1_207' title='bbox 225 2845 284 2912; x_wconf 83' lang='lat' dir='ltr'>sed</span> <span class='ocrx_word' id='word_1_208' title='bbox 309 2846 380 2928; x_wconf 87' lang='lat' dir='ltr'>ejus</span> <span class='ocrx_word' id='word_1_209' title='bbox 405 2852 555 2927; x_wconf 89' lang='lat' dir='ltr'>patruum</span> <span class='ocrx_word' id='word_1_210' title='bbox 575 2839 835 2916; x_wconf 87' lang='lat' dir='ltr'>Constantinum,</span> <span class='ocrx_word' id='word_1_211' title='bbox 866 2839 970 2903; x_wconf 83' lang='lat' dir='ltr'>filium</span> <span class='ocrx_word' id='word_1_212' title='bbox 1028 2839 1253 2902; x_wconf 81' lang='lat' dir='ltr'>indicavimus.</span> 
     </span>
     <span class='ocr_line' id='line_1_23' title="bbox 225 2919 1773 3027; baseline -0.003 -17"><span class='ocrx_word' id='word_1_213' title='bbox 225 2919 340 3010; x_wconf 73' lang='lat' dir='ltr'>cliton</span> <span class='ocrx_word' id='word_1_214' title='bbox 378 2965 422 3007; x_wconf 86' lang='lat' dir='ltr'>ex</span> <span class='ocrx_word' id='word_1_215' title='bbox 456 2940 651 3018; x_wconf 80' lang='lat' dir='ltr'>Theodora,</span> <span class='ocrx_word' id='word_1_216' title='bbox 692 2942 893 3006; x_wconf 87' lang='lat' dir='ltr'>Constantini</span> <span class='ocrx_word' id='word_1_217' title='bbox 923 2943 968 3004; x_wconf 80' lang='grc' dir='ltr'>Μ.</span> <span class='ocrx_word' id='word_1_218' title='bbox 1089 2941 1162 3002; x_wconf 86' lang='lat' dir='ltr'>Hae</span> <span class='ocrx_word' id='word_1_219' title='bbox 1190 2941 1251 3004; x_wconf 89' lang='lat' dir='ltr'>riri</span> <span class='ocrx_word' id='word_1_220' title='bbox 1277 2939 1399 3004; x_wconf 86' lang='lat' dir='ltr'>eruditi</span> <span class='ocrx_word' id='word_1_221' title='bbox 1422 2943 1584 3021; x_wconf 86' lang='lat' dir='ltr'>rationes,</span> <span class='ocrx_word' id='word_1_222' title='bbox 1615 2945 1689 3027; x_wconf 76' lang='lat' dir='ltr'>qnia</span> <span class='ocrx_word' id='word_1_223' title='bbox 1718 2959 1773 3009; x_wconf 88' lang='lat' dir='ltr'>aut</span> 
     </span>
     <span class='ocr_line' id='line_1_24' title="bbox 225 3041 1774 3166; baseline -0.003 -54"><span class='ocrx_word' id='word_1_224' title='bbox 225 3067 418 3166; x_wconf 76' lang='lat' dir='ltr'>germanum</span> <span class='ocrx_word' id='word_1_225' title='bbox 456 3045 626 3129; x_wconf 78' lang='lat' dir='ltr'>pertinere</span> <span class='ocrx_word' id='word_1_226' title='bbox 650 3049 691 3126; x_wconf 89' lang='grc'>·.)</span> <span class='ocrx_word' id='word_1_227' title='bbox 735 3045 788 3106; x_wconf 83' lang='lat' dir='ltr'>En</span> <span class='ocrx_word' id='word_1_228' title='bbox 825 3044 970 3108; x_wconf 85' lang='lat' dir='ltr'>rationes</span> <span class='ocrx_word' id='word_1_229' title='bbox 1027 3055 1141 3126; x_wconf 87' lang='lat' dir='ltr'>aperte</span> <span class='ocrx_word' id='word_1_230' title='bbox 1169 3041 1303 3118; x_wconf 72' lang='lat' dir='ltr'>fallunt,</span> <span class='ocrx_word' id='word_1_231' title='bbox 1336 3057 1391 3106; x_wconf 89' lang='lat' dir='ltr'>aut</span> <span class='ocrx_word' id='word_1_232' title='bbox 1417 3041 1566 3108; x_wconf 85' lang='lat' dir='ltr'>infirmae</span> <span class='ocrx_word' id='word_1_233' title='bbox 1593 3059 1685 3117; x_wconf 90' lang='lat' dir='ltr'>sunt,</span> <span class='ocrx_word' id='word_1_234' title='bbox 1717 3065 1774 3108; x_wconf 89' lang='lat' dir='ltr'>ne·</span> 
     </span>
     <span class='ocr_line' id='line_1_25' title="bbox 225 3144 1773 3232; baseline -0.002 -18"><span class='ocrx_word' id='word_1_235' title='bbox 225 3151 295 3232; x_wconf 83' lang='lat' dir='ltr'>ejus</span> <span class='ocrx_word' id='word_1_236' title='bbox 316 3153 351 3211; x_wconf 88' lang='lat' dir='ltr'>in</span> <span class='ocrx_word' id='word_1_237' title='bbox 372 3145 602 3226; x_wconf 83' lang='lat' dir='ltr'>compendium</span> <span class='ocrx_word' id='word_1_238' title='bbox 623 3144 788 3210; x_wconf 78' lang='lat' dir='ltr'>redactura</span> <span class='ocrx_word' id='word_1_239' title='bbox 1025 3163 1185 3228; x_wconf 77' lang='lat' dir='ltr'>quaquam</span> <span class='ocrx_word' id='word_1_240' title='bbox 1212 3157 1334 3228; x_wconf 80' lang='lat' dir='ltr'>cogunt</span> <span class='ocrx_word' id='word_1_241' title='bbox 1358 3146 1602 3212; x_wconf 88' lang='lat' dir='ltr'>Constantinum</span> <span class='ocrx_word' id='word_1_242' title='bbox 1628 3148 1727 3210; x_wconf 88' lang='lat' dir='ltr'>alium</span> <span class='ocrx_word' id='word_1_243' title='bbox 1754 3170 1773 3211; x_wconf 88' lang='lat' dir='ltr'>a</span> 
     </span>
     <span class='ocr_line' id='line_1_26' title="bbox 287 3245 1772 3334; baseline -0.002 -22"><span class='ocrx_word' id='word_1_244' title='bbox 287 3252 373 3314; x_wconf 89' lang='lat' dir='ltr'>1.lu</span> <span class='ocrx_word' id='word_1_245' title='bbox 393 3247 500 3308; x_wconf 83' lang='lat' dir='ltr'>numia</span> <span class='ocrx_word' id='word_1_246' title='bbox 522 3245 568 3308; x_wconf 88' lang='lat' dir='ltr'>sic</span> <span class='ocrx_word' id='word_1_247' title='bbox 597 3248 762 3330; x_wconf 88' lang='lat' dir='ltr'>inscriptis</span> <span class='ocrx_word' id='word_1_248' title='bbox 794 3245 894 3308; x_wconf 80' lang='lat' dir='ltr'>iacies</span> <span class='ocrx_word' id='word_1_249' title='bbox 917 3256 969 3307; x_wconf 88' lang='lat' dir='ltr'>est</span> <span class='ocrx_word' id='word_1_250' title='bbox 1025 3247 1137 3327; x_wconf 80' lang='lat' dir='ltr'>Magni</span> <span class='ocrx_word' id='word_1_251' title='bbox 1164 3245 1235 3308; x_wconf 88' lang='lat' dir='ltr'>lilio</span> <span class='ocrx_word' id='word_1_252' title='bbox 1263 3245 1427 3310; x_wconf 80' lang='lat' dir='ltr'>diversum</span> <span class='ocrx_word' id='word_1_253' title='bbox 1457 3268 1653 3330; x_wconf 87' lang='lat' dir='ltr'>agnoscere,</span> <span class='ocrx_word' id='word_1_254' title='bbox 1684 3248 1772 3334; x_wconf 88' lang='lat' dir='ltr'>quod</span> 
     </span>
     <span class='ocr_line' id='line_1_27' title="bbox 224 3345 1769 3436; baseline 0.003 -26"><span class='ocrx_word' id='word_1_255' title='bbox 224 3350 327 3431; x_wconf 84' lang='lat' dir='ltr'>magis</span> <span class='ocrx_word' id='word_1_256' title='bbox 344 3346 477 3422; x_wconf 86' lang='lat' dir='ltr'>senilis,</span> <span class='ocrx_word' id='word_1_257' title='bbox 504 3358 539 3409; x_wconf 87' lang='lat' dir='ltr'>et</span> <span class='ocrx_word' id='word_1_258' title='bbox 557 3345 671 3408; x_wconf 89' lang='lat' dir='ltr'>saltem</span> <span class='ocrx_word' id='word_1_259' title='bbox 689 3365 846 3409; x_wconf 85' lang='lat' dir='ltr'>annorum</span> <span class='ocrx_word' id='word_1_260' title='bbox 864 3348 968 3409; x_wconf 75' lang='lat' dir='ltr'><strong>XXX.</strong></span> <span class='ocrx_word' id='word_1_261' title='bbox 1024 3345 1122 3409; x_wconf 84' lang='lat' dir='ltr'>luciis</span> <span class='ocrx_word' id='word_1_262' title='bbox 1145 3348 1333 3412; x_wconf 82' lang='lat' dir='ltr'>erinnemus</span> <span class='ocrx_word' id='word_1_263' title='bbox 1357 3350 1507 3412; x_wconf 77' lang='lat' dir='ltr'>refutatis</span> <span class='ocrx_word' id='word_1_264' title='bbox 1528 3351 1676 3414; x_wconf 85' lang='lat' dir='ltr'>breviter</span> <span class='ocrx_word' id='word_1_265' title='bbox 1698 3352 1769 3436; x_wconf 86' lang='lat' dir='ltr'>ejus</span> 
     </span>
     <span class='ocr_line' id='line_1_28' title="bbox 227 3447 1236 3529; baseline 0.001 -18"><span class='ocrx_word' id='word_1_266' title='bbox 227 3451 280 3512; x_wconf 86' lang='lat' dir='ltr'>sel</span> <span class='ocrx_word' id='word_1_267' title='bbox 306 3449 456 3523; x_wconf 59' lang='lat' dir='ltr'><strong>XXXV„</strong></span> <span class='ocrx_word' id='word_1_268' title='bbox 492 3466 555 3528; x_wconf 86' lang='lat' dir='ltr'>qua</span> <span class='ocrx_word' id='word_1_269' title='bbox 578 3457 683 3507; x_wconf 89' lang='lat' dir='ltr'>aetate</span> <span class='ocrx_word' id='word_1_270' title='bbox 709 3466 775 3508; x_wconf 89' lang='lat' dir='ltr'>non</span> <span class='ocrx_word' id='word_1_271' title='bbox 801 3447 861 3508; x_wconf 84' lang='lat' dir='ltr'>suit</span> <span class='ocrx_word' id='word_1_272' title='bbox 883 3447 970 3508; x_wconf 86' lang='lat' dir='ltr'>lilius</span> <span class='ocrx_word' id='word_1_273' title='bbox 1026 3452 1236 3529; x_wconf 84' lang='lat' dir='ltr'>argumentis.</span> 
     </span>
     <span class='ocr_line' id='line_1_29' title="bbox 227 3544 1772 3636; baseline 0.003 -24"><span class='ocrx_word' id='word_1_274' title='bbox 227 3545 446 3624; x_wconf 83' lang='lat' dir='ltr'>Constantini,</span> <span class='ocrx_word' id='word_1_275' title='bbox 463 3558 623 3610; x_wconf 86' lang='lat' dir='ltr'>mortuns</span> <span class='ocrx_word' id='word_1_276' title='bbox 651 3544 784 3611; x_wconf 86' lang='lat' dir='ltr'>circiter</span> <span class='ocrx_word' id='word_1_277' title='bbox 813 3565 897 3610; x_wconf 88' lang='lat' dir='ltr'>anno</span> <span class='ocrx_word' id='word_1_278' title='bbox 918 3565 971 3610; x_wconf 83' lang='lat' dir='ltr'>ae·</span> <span class='ocrx_word' id='word_1_279' title='bbox 1090 3546 1297 3634; x_wconf 70' lang='lat' dir='ltr'>deprimam</span> <span class='ocrx_word' id='word_1_280' title='bbox 1321 3547 1467 3632; x_wconf 88' lang='lat' dir='ltr'>quidem</span> <span class='ocrx_word' id='word_1_281' title='bbox 1476 3551 1598 3634; x_wconf 87' lang='lat' dir='ltr'>oppido</span> <span class='ocrx_word' id='word_1_282' title='bbox 1619 3573 1699 3636; x_wconf 81' lang='lat' dir='ltr'>saga</span> <span class='ocrx_word' id='word_1_283' title='bbox 1722 3566 1772 3616; x_wconf 86' lang='lat' dir='ltr'>est</span> 
     </span>
     <span class='ocr_line' id='line_1_30' title="bbox 224 3633 1774 3730; baseline 0.003 -18"><span class='ocrx_word' id='word_1_284' title='bbox 224 3651 300 3716; x_wconf 87' lang='lat' dir='ltr'>tatis</span> <span class='ocrx_word' id='word_1_285' title='bbox 321 3633 422 3720; x_wconf 65' lang='lat' dir='ltr'><strong>XXV.</strong></span> <span class='ocrx_word' id='word_1_286' title='bbox 465 3649 538 3715; x_wconf 74' lang='lat' dir='ltr'>Alia</span> <span class='ocrx_word' id='word_1_287' title='bbox 561 3645 657 3710; x_wconf 88' lang='lat' dir='ltr'>etiam</span> <span class='ocrx_word' id='word_1_288' title='bbox 680 3659 755 3710; x_wconf 86' lang='lat' dir='ltr'>aunt</span> <span class='ocrx_word' id='word_1_289' title='bbox 776 3647 808 3708; x_wconf 88' lang='lat' dir='ltr'>in</span> <span class='ocrx_word' id='word_1_290' title='bbox 824 3647 881 3708; x_wconf 87' lang='lat' dir='ltr'>-his</span> <span class='ocrx_word' id='word_1_291' title='bbox 903 3645 969 3708; x_wconf 88' lang='lat' dir='ltr'>oris</span> <span class='ocrx_word' id='word_1_292' title='bbox 1027 3647 1099 3722; x_wconf 86' lang='lat' dir='ltr'>lex,</span> <span class='ocrx_word' id='word_1_293' title='bbox 1118 3649 1412 3730; x_wconf 86' lang='lat' dir='ltr'>quamabsetatis,</span> <span class='ocrx_word' id='word_1_294' title='bbox 1428 3651 1719 3728; x_wconf 88' lang='lat' dir='ltr'>lineamentorum,</span> <span class='ocrx_word' id='word_1_295' title='bbox 1738 3667 1774 3716; x_wconf 87' lang='lat' dir='ltr'>et</span> 
     </span>
     <span class='ocr_line' id='line_1_31' title="bbox 223 3749 1771 3834; baseline 0.002 -20"><span class='ocrx_word' id='word_1_296' title='bbox 223 3753 436 3828; x_wconf 85' lang='lat' dir='ltr'>lineamenta,</span> <span class='ocrx_word' id='word_1_297' title='bbox 450 3751 541 3821; x_wconf 87' lang='lat' dir='ltr'>alis</span> <span class='ocrx_word' id='word_1_298' title='bbox 575 3749 716 3822; x_wconf 76' lang='lat' dir='ltr'>fabrica,</span> <span class='ocrx_word' id='word_1_299' title='bbox 754 3769 875 3834; x_wconf 57' lang='lat' dir='ltr'>vam</span> <span class='ocrx_word' id='word_1_300' title='bbox 886 3767 968 3833; x_wconf 88' lang='lat' dir='ltr'>quae</span> <span class='ocrx_word' id='word_1_301' title='bbox 1026 3749 1168 3812; x_wconf 76' lang='lat' dir='ltr'>fabricae</span> <span class='ocrx_word' id='word_1_302' title='bbox 1186 3749 1373 3814; x_wconf 84' lang='lat' dir='ltr'>discrimina</span> <span class='ocrx_word' id='word_1_303' title='bbox 1390 3750 1521 3834; x_wconf 85' lang='lat' dir='ltr'>repetit.</span> <span class='ocrx_word' id='word_1_304' title='bbox 1564 3753 1663 3814; x_wconf 91' lang='lat' dir='ltr'>Numi</span> <span class='ocrx_word' id='word_1_305' title='bbox 1680 3755 1757 3816; x_wconf 85' lang='lat' dir='ltr'>hi</span> <span class='ocrx_word' id='word_1_306' title='bbox 1731 3777 1771 3817; x_wconf 88' lang='grc' dir='ltr'>ιι-</span> 
     </span>
     <span class='ocr_line' id='line_1_32' title="bbox 225 3849 1771 3936; baseline -0.001 -14"><span class='ocrx_word' id='word_1_307' title='bbox 225 3853 443 3922; x_wconf 77' lang='lat' dir='ltr'>obuersatur·</span> <span class='ocrx_word' id='word_1_308' title='bbox 434 3873 467 3913; x_wconf 91' lang='lat' dir='ltr'>m</span> <span class='ocrx_word' id='word_1_309' title='bbox 483 3851 605 3930; x_wconf 90' lang='lat' dir='ltr'>numis,</span> <span class='ocrx_word' id='word_1_310' title='bbox 626 3851 661 3914; x_wconf 91' lang='lat' dir='ltr'>in</span> <span class='ocrx_word' id='word_1_311' title='bbox 677 3849 792 3934; x_wconf 79' lang='lat' dir='ltr'>quibus</span> <span class='ocrx_word' id='word_1_312' title='bbox 800 3851 876 3912; x_wconf 63' lang='lat'><strong>21²1..</strong></span> <span class='ocrx_word' id='word_1_313' title='bbox 900 3850 967 3916; x_wconf 84' lang='lat' dir='ltr'><strong>ct..</strong></span> <span class='ocrx_word' id='word_1_314' title='bbox 1026 3851 1115 3932; x_wconf 81' lang='lat' dir='ltr'>gnati</span> <span class='ocrx_word' id='word_1_315' title='bbox 1132 3863 1206 3914; x_wconf 91' lang='lat' dir='ltr'>sunt</span> <span class='ocrx_word' id='word_1_316' title='bbox 1224 3871 1265 3915; x_wconf 89' lang='lat' dir='ltr'>eo</span> <span class='ocrx_word' id='word_1_317' title='bbox 1282 3871 1380 3929; x_wconf 85' lang='lat' dir='ltr'>seso,</span> <span class='ocrx_word' id='word_1_318' title='bbox 1403 3851 1491 3934; x_wconf 84' lang='lat' dir='ltr'>quod</span> <span class='ocrx_word' id='word_1_319' title='bbox 1505 3871 1621 3936; x_wconf 88' lang='lat' dir='ltr'>parum</span> <span class='ocrx_word' id='word_1_320' title='bbox 1636 3853 1670 3916; x_wconf 91' lang='lat' dir='ltr'>in</span> <span class='ocrx_word' id='word_1_321' title='bbox 1688 3854 1771 3920; x_wconf 82' lang='lat' dir='ltr'>haec</span> 
     </span>
     <span class='ocr_line' id='line_1_33' title="bbox 225 3951 1848 4050; baseline -0.002 -30"><span class='ocrx_word' id='word_1_322' title='bbox 225 3955 326 4020; x_wconf 87' lang='lat' dir='ltr'>abest.</span> <span class='ocrx_word' id='word_1_323' title='bbox 369 3951 476 4036; x_wconf 80' lang='lat' dir='ltr'>Hujus</span> <span class='ocrx_word' id='word_1_324' title='bbox 497 3966 607 4017; x_wconf 85' lang='lat' dir='ltr'>autem</span> <span class='ocrx_word' id='word_1_325' title='bbox 629 3951 762 4036; x_wconf 81' lang='lat' dir='ltr'>genesis</span> <span class='ocrx_word' id='word_1_326' title='bbox 783 3951 878 4014; x_wconf 74' lang='lat' dir='ltr'>hines</span> <span class='ocrx_word' id='word_1_327' title='bbox 900 3964 968 4014; x_wconf 87' lang='lat' dir='ltr'>tan·</span> <span class='ocrx_word' id='word_1_328' title='bbox 1025 3952 1158 4016; x_wconf 88' lang='lat' dir='ltr'>criteria</span> <span class='ocrx_word' id='word_1_329' title='bbox 1180 3952 1316 4017; x_wconf 86' lang='lat' dir='ltr'>subsidii</span> <span class='ocrx_word' id='word_1_330' title='bbox 1337 3953 1482 4028; x_wconf 87' lang='lat' dir='ltr'>conssrt,</span> <span class='ocrx_word' id='word_1_331' title='bbox 1504 3953 1627 4028; x_wconf 78' lang='lat' dir='ltr'>artibus</span> <span class='ocrx_word' id='word_1_332' title='bbox 1648 3955 1713 4050; x_wconf 80' lang='lat' dir='ltr'>jam</span> <span class='ocrx_word' id='word_1_333' title='bbox 1735 3957 1771 4020; x_wconf 91' lang='lat' dir='ltr'>in</span> <span class='ocrx_word' id='word_1_334' title='bbox 1835 4001 1848 4016; x_wconf 76' lang='lat'><strong>.</strong></span> 
     </span>
     <span class='ocr_line' id='line_1_34' title="bbox 222 4051 1769 4152; baseline 0.003 -32"><span class='ocrx_word' id='word_1_335' title='bbox 222 4053 294 4122; x_wconf 78' lang='lat' dir='ltr'>tum‘</span> <span class='ocrx_word' id='word_1_336' title='bbox 316 4057 415 4133; x_wconf 83' lang='lat' dir='ltr'>vidit,</span> <span class='ocrx_word' id='word_1_337' title='bbox 447 4074 569 4140; x_wconf 88' lang='lat' dir='ltr'>eosque</span> <span class='ocrx_word' id='word_1_338' title='bbox 597 4073 735 4130; x_wconf 71' lang='lat' dir='ltr'>aessens,</span> <span class='ocrx_word' id='word_1_339' title='bbox 764 4051 798 4114; x_wconf 90' lang='lat' dir='ltr'>in</span> <span class='ocrx_word' id='word_1_340' title='bbox 826 4071 966 4137; x_wconf 83' lang='lat' dir='ltr'>quornm</span> <span class='ocrx_word' id='word_1_341' title='bbox 1022 4053 1092 4139; x_wconf 87' lang='lat' dir='ltr'>ipsa</span> <span class='ocrx_word' id='word_1_342' title='bbox 1116 4053 1199 4120; x_wconf 82' lang='lat' dir='ltr'>urhe</span> <span class='ocrx_word' id='word_1_343' title='bbox 1219 4057 1316 4142; x_wconf 90' lang='lat' dir='ltr'>plane</span> <span class='ocrx_word' id='word_1_344' title='bbox 1332 4055 1519 4143; x_wconf 84' lang='lat' dir='ltr'>prolapsis,</span> <span class='ocrx_word' id='word_1_345' title='bbox 1542 4068 1578 4120; x_wconf 84' lang='lat' dir='ltr'>et</span> <span class='ocrx_word' id='word_1_346' title='bbox 1600 4059 1769 4152; x_wconf 77' lang='lat' dir='ltr'>plerisque</span> 
     </span>
     <span class='ocr_line' id='line_1_35' title="bbox 212 4153 1770 4246; baseline 0.003 -24"><span class='ocrx_word' id='word_1_347' title='bbox 212 4179 288 4224; x_wconf 72' lang='lat' dir='ltr'>nno</span> <span class='ocrx_word' id='word_1_348' title='bbox 309 4165 367 4225; x_wconf 89' lang='lat' dir='ltr'>&#39;est</span> <span class='ocrx_word' id='word_1_349' title='bbox 399 4157 626 4234; x_wconf 67' lang='lat' dir='ltr'>enutriris,</span> <span class='ocrx_word' id='word_1_350' title='bbox 659 4153 965 4231; x_wconf 67' lang='lat' dir='ltr'>astruentem,</span> <span class='ocrx_word' id='word_1_351' title='bbox 1023 4167 1091 4218; x_wconf 89' lang='lat' dir='ltr'>tum</span> <span class='ocrx_word' id='word_1_352' title='bbox 1112 4156 1218 4220; x_wconf 89' lang='lat' dir='ltr'>numia</span> <span class='ocrx_word' id='word_1_353' title='bbox 1237 4179 1301 4243; x_wconf 88' lang='lat' dir='ltr'>per</span> <span class='ocrx_word' id='word_1_354' title='bbox 1317 4158 1472 4224; x_wconf 80' lang='lat' dir='ltr'>barbaras</span> <span class='ocrx_word' id='word_1_355' title='bbox 1492 4160 1678 4246; x_wconf 76' lang='lat' dir='ltr'>provincias</span> <span class='ocrx_word' id='word_1_356' title='bbox 1694 4182 1770 4245; x_wconf 89' lang='lat' dir='ltr'>per·</span> 
     </span>
     <span class='ocr_line' id='line_1_36' title="bbox 222 4255 1770 4348; baseline 0.002 -24"><span class='ocrx_word' id='word_1_357' title='bbox 222 4259 349 4326; x_wconf 79' lang='lat' dir='ltr'>altino:</span> <span class='ocrx_word' id='word_1_358' title='bbox 419 4259 620 4323; x_wconf 81' lang='lat' dir='ltr'>Ptttttcu‘t.</span> <span class='ocrx_word' id='word_1_359' title='bbox 684 4255 965 4333; x_wconf 78' lang='lat' dir='ltr'>lVVENTVTlS,</span> <span class='ocrx_word' id='word_1_360' title='bbox 1022 4259 1146 4336; x_wconf 89' lang='lat' dir='ltr'>cussis,</span> <span class='ocrx_word' id='word_1_361' title='bbox 1176 4279 1218 4324; x_wconf 87' lang='lat' dir='ltr'>ex</span> <span class='ocrx_word' id='word_1_362' title='bbox 1237 4283 1302 4348; x_wconf 86' lang='lat' dir='ltr'>qno</span> <span class='ocrx_word' id='word_1_363' title='bbox 1321 4283 1458 4329; x_wconf 82' lang='lat' dir='ltr'>necesse</span> <span class='ocrx_word' id='word_1_364' title='bbox 1477 4283 1555 4328; x_wconf 89' lang='lat' dir='ltr'>sans</span> <span class='ocrx_word' id='word_1_365' title='bbox 1574 4275 1624 4326; x_wconf 86' lang='lat' dir='ltr'>ast</span> <span class='ocrx_word' id='word_1_366' title='bbox 1642 4264 1770 4330; x_wconf 80' lang='lat' dir='ltr'>variare</span> 
     </span>
     <span class='ocr_line' id='line_1_37' title="bbox 222 4345 1777 4460; baseline 0.001 -36"><span class='ocrx_word' id='word_1_367' title='bbox 222 4376 361 4448; x_wconf 88' lang='lat' dir='ltr'>nterqns</span> <span class='ocrx_word' id='word_1_368' title='bbox 382 4361 417 4423; x_wconf 87' lang='lat' dir='ltr'>iu</span> <span class='ocrx_word' id='word_1_369' title='bbox 437 4360 504 4424; x_wconf 86' lang='lat' dir='ltr'>imo</span> <span class='ocrx_word' id='word_1_370' title='bbox 522 4359 622 4424; x_wconf 80' lang='lat' dir='ltr'>offert</span> <span class='ocrx_word' id='word_1_371' title='bbox 643 4360 755 4423; x_wconf 88' lang='lat' dir='ltr'>literas</span> <span class='ocrx_word' id='word_1_372' title='bbox 778 4359 895 4436; x_wconf 56' lang='grc' dir='ltr'>ΛΤΚ,</span> <span class='ocrx_word' id='word_1_373' title='bbox 921 4345 965 4422; x_wconf 67' lang='lat' dir='ltr'>en</span> <span class='ocrx_word' id='word_1_374' title='bbox 1022 4360 1216 4428; x_wconf 89' lang='lat' dir='ltr'>lineamenta</span> <span class='ocrx_word' id='word_1_375' title='bbox 1250 4384 1501 4450; x_wconf 85' lang='lat' dir='ltr'>nonnunquam,</span> <span class='ocrx_word' id='word_1_376' title='bbox 1534 4378 1568 4430; x_wconf 90' lang='lat' dir='ltr'>at</span> <span class='ocrx_word' id='word_1_377' title='bbox 1600 4363 1777 4460; x_wconf 38' lang='lat' dir='ltr'>lubricam..</span> 
     </span>
    </p>
   </div>
   <div class='ocr_carea' id='block_1_6' title="bbox 254 4531 1712 4764">
    <p class='ocr_par' dir='ltr' id='par_1_8' title="bbox 254 4531 1712 4764">
     <span class='ocr_line' id='line_1_38' title="bbox 254 4531 785 4654; baseline -0.006 -24"><span class='ocrx_word' id='word_1_378' title='bbox 254 4575 292 4642; x_wconf 77' lang='lat' dir='ltr'>s).</span> <span class='ocrx_word' id='word_1_379' title='bbox 305 4573 391 4630; x_wconf 70' lang='lat' dir='ltr'>uam.</span> <span class='ocrx_word' id='word_1_380' title='bbox 411 4571 444 4654; x_wconf 77' lang='lat' dir='ltr'>a.</span> <span class='ocrx_word' id='word_1_381' title='bbox 458 4531 498 4630; x_wconf 83' lang='grc' dir='ltr'>ἰ.</span> <span class='ocrx_word' id='word_1_382' title='bbox 518 4569 606 4626; x_wconf 67' lang='lat' dir='ltr'>ron</span> <span class='ocrx_word' id='word_1_383' title='bbox 621 4571 655 4628; x_wconf 91' lang='grc' dir='ltr'>ιι.</span> <span class='ocrx_word' id='word_1_384' title='bbox 677 4591 697 4646; x_wconf 73' lang='lat' dir='ltr'>p</span> <span class='ocrx_word' id='word_1_385' title='bbox 723 4579 785 4636; x_wconf 71' lang='lat' dir='ltr'>sn.</span> 
     </span>
     <span class='ocr_line' id='line_1_39' title="bbox 283 4663 1712 4764; baseline 0.002 -40"><span class='ocrx_word' id='word_1_386' title='bbox 283 4757 287 4764; x_wconf 9' lang='grc' dir='ltr'>ἓ</span> <span class='ocrx_word' id='word_1_387' title='bbox 336 4663 426 4742; x_wconf 69' lang='lat'><strong>(701.</strong></span> <span class='ocrx_word' id='word_1_388' title='bbox 451 4663 557 4740; x_wconf 76' lang='grc' dir='ltr'>νιιι.)</span> <span class='ocrx_word' id='word_1_389' title='bbox 1518 4665 1562 4760; x_wconf 81' lang='grc' dir='ltr'>1ο</span> <span class='ocrx_word' id='word_1_390' title='bbox 1605 4751 1613 4762; x_wconf 23' lang='lat'>⁸</span> <span class='ocrx_word' id='word_1_391' title='bbox 1708 4751 1712 4760; x_wconf 14' lang='grc' dir='ltr'><strong><em>ἢ</em></strong></span> 
     </span>
    </p>
   </div>
   <div class='ocr_carea' id='block_1_7' title="bbox 0 0 2224 5550">
    <p class='ocr_par' dir='ltr' id='par_1_9' title="bbox 0 0 2224 5550">
     <span class='ocr_line' id='line_1_40' title="bbox 0 0 2224 5550; baseline 0 5"><span class='ocrx_word' id='word_1_392' title='bbox 0 0 2224 5550; x_wconf 95' lang='lat' dir='ltr'> </span> 
     </span>
    </p>
   </div>
  </div>
 </body>
</html>
