4422 5546
426 384 509 468 Ψ

421 550 503 614 tiaui
527 543 681 624 differat,
698 541 787 628 quod
811 547 952 610 sensisse
977 549 1074 612 etiam
1096 549 1172 611 Pel-

405 631 578 714 ⁸leriniuin
597 648 696 712 video
712 650 760 730 ἐ),
783 648 836 716 hic
849 649 883 709 ln
900 651 1070 715 Aureliani
1087 663 1172 740 aeta·

422 765 491 817 tem
510 773 584 814 cam
604 752 756 814 Tristano
770 767 977 832 promoveat.
1102 755 1108 768 '

460 833 465 844 ⁶
488 853 644 920 Omnium
662 851 780 916 horum
797 851 932 934 judicia,
956 854 1020 916 nisi
1040 851 1172 938 magno·

423 975 507 1042 perc
541 943 670 1030 fallor,
695 953 866 1016 manifeste
901 971 1047 1038 peccant.
1093 958 1173 1020 Cer·

424 1073 494 1120 tum
513 1069 563 1120 est
582 1059 700 1140 ⁴ltontra
722 1055 926 1134 Tristauum,
949 1071 984 1120 et
1004 1077 1171 1142 sequaces,

425 1179 543 1244 numos
574 1158 713 1224 Latinos
743 1158 784 1222 a'd
812 1180 929 1224 aevum
961 1160 1171 1237 Diocletiani,

426 1277 481 1326 aut
507 1282 640 1337 eorum,
673 1264 729 1345 qui
755 1264 905 1346 proxime
930 1275 1172 1340 successerunt,

425 1364 613 1446 pertinere,
655 1365 797 1447 primurn
832 1363 908 1448 quia
943 1378 1024 1444 tota,
1047 1385 1194 1441 aversa,-

426 1453 486 1528 seu
509 1463 754 1548 inscriptionem
783 1479 929 1550 spectes,
960 1487 1020 1528 seu
1049 1480 1171 1549 typum,

328 1615 334 1628 .
426 1567 506 1630 item
527 1567 666 1644 fabrica,
690 1582 724 1658 ct
746 1569 922 1643 volumen,
940 1568 1038 1652 plane
1063 1566 1173 1629 exin·

427 1669 526 1755 genio
555 1671 625 1751 ejus
656 1667 787 1750 imperii
819 1681 910 1744 sunt,
948 1689 1031 1751 quae
1064 1670 1174 1732 omnia

424 1769 638 1856 jampridem
660 1770 742 1836 vidit
764 1769 911 1832 eruditus
936 1768 1113 1834 Gallaudus
1128 1769 1172 1854 l¹),

341 1863 343 1872 ’
427 1886 461 1935 et
481 1874 545 1936 hoc
570 1872 678 1934 facem
704 1869 915 1952 praeferente
943 1872 1049 1936 serius
1075 1873 1173 1936 etiarn

426 1961 682 2050 Bandurius⁰);¹
721 1971 841 2034 deinde
886 1972 961 2055 quis
1003 1975 1174 2038 Aureliani

426 2088 533 2138 aetate
566 2069 711 2135 nondum
741 2073 959 2137 Alexandriae
994 2077 1175 2140 numidia-

426 2176 495 2239 tine
523 2172 673 2257 inscripti
704 2174 822 2256 signati
851 2176 941 2254 sunt¹,
967 2198 1034 2262 qua
1065 2193 1174 2243 tamen

427 2297 469 2340 cx
500 2276 581 2339 urbe
614 2269 885 2342 hoa'Domitiani
921 2282 1026 2346 nostri
1057 2303 1173 2346 numos

425 2379 604 2441 emersisse
624 2379 815 2466 inscriptum
829 2381 882 2442 'his
900 2379 999 2444 Acta.
1024 2381 1173 2448 dubitare

426 2501 491 2544 non
515 2481 600 2542 sinit.
632 2483 684 2544 Ex
707 2501 771 2567 quo
792 2482 864 2566 ipso
884 2486 1096 2566 consequitur
1116 2484 1176 2547 eti-

427 2605 493 2658 am,
528 2583 679 2668 quoniam
706 2584 814 2646 Latini
842 2585 877 2645 hi
909 2585 999 2645 numi
1025 2587 1175 2668 percussi

427 2685 522 2749 suere
546 2699 716 2772 tempore,
747 2705 812 2768 quo
837 2685 957 2750 Graeci
978 2685 1073 2750 feriri
1097 2688 1188 2749 Ale·

877 415 880 420 -
915 365 1051 438 DOM.
1095 301 1489 440 DOMITIANV'S.
1574 429 1578 440 ,

1229 545 1384 610 sandriae
1402 543 1573 622 desinere,
1597 557 1752 630 utrosque
1772 547 1833 613 lros
1849 529 1980 628 n'anios,

1229 662 1303 711 tam.
1319 650 1482 724 Graecos,
1511 667 1607 731 quam
1629 646 1778 728 Latinos,
1808 649 1849 714 ad
1877 675 1978 716 unum

1229 751 1438 834 eundemque
1467 748 1688 812 Domitianum
1715 751 1884 834 pertinere
1910 774 1979 816 non

1229 871 1344 936 posse,
1366 871 1448 935 quae
1464 850 1541 926 fuit,
1558 863 1593 910 ut
1610 871 1709 936 supra
1726 851 1879 930 vidimus,
1897 876 1978 919 nou.

1229 956 1397 1016 nullorum
1430 951 1561 1034 opinio,
1594 965 1628 1014 et
1661 939 1812 1037 tempore
1845 959 1977 1041 praeire
2057 997 2063 1008 ·

1230 1055 1392 1132 Graecos,
1424 1054 1517 1137 sequi
1542 1053 1685 1116 Latinos.
1719 1055 1812 1138 Ergo
1834 1059 1897 1121 etsi
1921 1058 1979 1123 de-

1230 1179 1318 1234 mus,
1335 1156 1479 1246 Graecos
1496 1153 1597 1217 tribui
1613 1176 1711 1239 posse
1727 1157 1916 1222 Domitiano
1931 1160 1977 1226 ri·

1230 1261 1315 1323 otori
1330 1257 1589 1332 Macrianorum,
1606 1271 1659 1320 aut
1676 1259 1732 1342 qui
1747 1273 1832 1322 teste
1844 1261 1975 1324 Zosimo

1224 1353 1290 1424 'sub
1311 1359 1490 1421 Aureliano
1509 1380 1564 1422 res
1589 1381 1689 1425 novas
1709 1362 1842 1424 molitus
1859 1363 1975 1440 fertur,

1229 1462 1337 1525 Latini
1351 1477 1442 1530 certe
1457 1461 1624 1524 tribuendi
1638 1478 1713 1526 sunt
1725 1463 1822 1527 alleri
1835 1465 1978 1548 cuipiam
2028 1519 2035 1532 .

1231 1563 1379 1646 ejusdem
1404 1563 1640 1648 nominis,'qui
1668 1577 1810 1628 exeunte
1836 1566 1977 1648 imperio

1229 1665 1428 1730 Diocletiani
1444 1679 1477 1728 et
1494 1667 1697 1743 Maximiani,
1721 1680 1775 1729 aut
1792 1688 1857 1729 non
1875 1670 1977 1733 multo

1230 1781 1315 1853 post,
1332 1768 1543 1852 positaabhis
1554 1789 1710 1852 purpura,
1728 1789 1790 1852 per
1805 1768 1892 1854 bella
1908 1783 1979 1832 tuna
2059 1787 2061 1794 ’

1231 1869 1340 1954 civilia
1358 1855 1562 1952 tyrannidem
1578 1871 1612 1930 in
1631 1871 1770 1935 Oriente
1791 1871 1981 1954 arripuerit,

1232 1972 1322 2056 quod
1347 1975 1511 2048 reticuere
1538 1971 1704 2049 historici,
1737 1973 1796 2036 scd
1821 1974 1911 2036 numi
1932 1975 1980 2038 ia·

1232 2075 1297 2138 teri
1314 2089 1445 2160 cogunt.
1477 2059 1618 2154 C'cnjicit
1633 2075 1849 2154 Pellerinius,
1870 2090 1980 2162 poste·

1231 2179 1358 2265 riorem
1384 2178 1470 2240 hunc
1493 2175 1716 2240 Domitianum
1740 2175 1855 2249 saliem
1874 2181 1906 2239 in
1926 2201 1980 2241 an·

1231 2301 1309 2344 num
1322 2281 1377 2340 Ill.
1393 2299 1591 2360 prorogasse
1606 2277 1799 2361 imperium,
1819 2295 1852 2344 at
1869 2279 1979 2344 unde?
2052 2351 2057 2361 ¹

1233 2403 1275 2445 ex
1298 2381 1422 2464 scripto
1444 2363 1478 2441 in
1502 2380 1621 2442 lterum
1645 2403 1820 2447 nemorum
1844 2404 1920 2446 area
1937 2377 1977 2442 Γ.

1233 2485 1360 2551 Verum
1392 2502 1452 2572 nop
1479 2481 1513 2544 in
1541 2482 1694 2547 solitariis
1727 2485 1777 2548 his
1811 2481 1980 2568 alphabeti

1231 2585 1337 2648 literis
1369 2585 1645 2664 monetariorum,
1677 2601 1742 2651 'aut
1773 2587 1980 2654 cilicinarum

1233 2701 1325 2752 notas
1347 2687 1506 2754 ridemus.

1074 3005 1327 3068 rotamur.
1437 3072 1442 3080 .

728 3196 837 3258 Latini
858 3197 952 3260 aenei
972 3199 1012 3260 11.
1028 3195 1155 3263 formae
1179 3197 1250 3280 (alii
1271 3202 1326 3264 vix
1346 3199 1524 3283 habentur)

729 3297 942 3362 Alexandrini
983 3345 1205 3364 .....

1569 3199 1746 3266 ..aa

1251 3344 1579 3365 .......
1608 3344 1632 3392 ι.
1676 3299 1807 3361 nana.

938 3632 942 3647 ¹
1047 3611 1357 3681 carnonis.

491 3813 591 3875 Natus
615 3809 653 3895 in¹
676 3812 851 3898 Menapiis,
882 3813 1005 3898 populo
1029 3813 1173 3878 Scaldim

426 3916 515 3977 inter
545 3917 737 3998 Mosamqoc
772 3916 899 4000 posito,
937 3918 989 3980 rei
1025 3917 1172 3980 nauticae

428 4013 547 4077 eximie
575 4017 716 4100 peritus,
747 4018 781 4080 in
807 4019 1002 4084 coercendis
1025 4019 1173 4096 Francis,

343 4139 349 4152 ¹
428 4115 485 4202 qui
517 4117 623 4196 ipsum
654 4119 751 4181 etiam
786 4142 875 4184 mare
906 4111 1094 4205 praedando
1126 4119 1174 4182 in·

425 4217 606 4292 scatebant,
649 4238 782 4304 operam
821 4221 1019 4306 aliquamdiu
1059 4223 1174 4289 utilem

424 4321 542 4406 posuit.
587 4321 630 4384 At
651 4339 724 4408 cum
747 4321 888 4407 praedae
919 4325 1084 4390 desiderio
1106 4345 1173 4390 non

673 4440 692 4472 a

463 4639 494 4710 a)
514 4635 533 4694 l.
555 4659 580 4697 c.
640 4645 643 4654 '
682 4637 716 4712 b)
735 4635 768 4696 B.
788 4636 820 4694 L.
840 4636 922 4694 Tona.
942 4635 964 4696 1.
984 4634 1052 4696 hist.
1072 4657 1102 4718 p.
1123 4629 1186 4704 ¹252.

1232 3817 1355 3900 optima
1373 3834 1445 3878 rem
1470 3812 1534 3880 lide
1553 3835 1653 3902 agere
1678 3813 1861 3887 rideretur,
1884 3812 1979 3874 iutel-
2012 3901 2022 3911 ⁸
2097 3835 2101 3844 ’

1231 3917 1338 3993 lecto,
1360 3916 1485 3980 insidiis
1503 3939 1577 3982 sese
1597 3941 1615 3983 a
1636 3915 1833 3980 Maximiano
1851 3917 1979 3979 Hercu·

1231 4017 1278 4082 lio
1299 4021 1386 4105 peti,
1419 4013 1593 4104 iinperinin
1616 4021 1650 4082 in
1673 4019 1840 4082 Britannis
1862 4017 1980 4086 invasit

1232 4143 1317 4186 anno
1343 4123 1476 4188 circiter
1503 4124 1544 4191 V.
1564 4124 1600 4188 C.
1623 4132 1702 4200 rotro
1726 4123 1764 4184 Ρ.
1783 4121 1824 4186 Χ.
1843 4119 1923 4204 287,
1940 4130 1980 4182 ct

1232 4237 1357 4286 tantum
1377 4223 1472 4291 brevi
1494 4227 1597 4311 copiis
1620 4223 1789 4290 maritimis
1813 4222 1926 4300 valuit,
1945 4235 1981 4286 ut

1212 4327 1557 4418 'Maximianusgqui
1598 4348 1733 4414 magnos
1770 4327 1810 4388 in
1854 4326 1980 4390 bellum

1288 4644 1318 4716 e)
1336 4643 1422 4706 Tem.
1441 4609 1467 4702 Ι.ι
1485 4639 1517 4701 iu
1535 4639 1658 4718 praefat.
1679 4651 1709 4700 et
1727 4637 1758 4700 iu
1777 4630 1943 4702 Addendis.
