4404 5564
1078 567 1464 641 ADDENDA
1554 609 1559 616 ·

438 693 441 705 i

588 723 590 727 ι
963 713 966 720 ,

623 745 625 753 ¹
698 729 2041 780 uw--C

495 766 546 774 -..-
586 761 695 774 avb-a—

928 1291 1642 1408 ADDENDA¹

1220 1533 1291 1590 AD

550 1709 1163 1798 VOLVMEN
1260 1708 1969 1806 SEC,VNDVM.

1030 2011 1476 2042 w

683 2365 723 2428 P.
737 2361 789 2425 2'5.
811 2363 873 2423 col.
890 2381 917 2426 ι.
935 2363 995 2428 lin.
1007 2385 1038 2447 7.
1223 2347 1226 2358 ’
1279 2337 1526 2444 ⁴crederemque
1554 2358 1712 2443 magicam
1736 2358 1787 2421 itti
1810 2359 1875 2425 rim
1904 2363 2036 2442 inesse,

536 2465 656 2527 iterum
677 2462 764 2527 hunc
785 2462 1034 2529 Diadumeniani
1056 2471 1229 2527 numum-a
1286 2461 1344 2524 itto
1360 2461 1515 2554 deinceps
1532 2461 1633 2525 instar
1650 2460 1785 2544 insignis
1806 2464 1853 2524 uti
1869 2468 2033 2548 co'episse.

485 2564 628 2628 Sestinio
650 2565 818 2649 vulgatum
839 2586 920 2650 opus
943 2587 1016 2630 esse
1028 2612 1030 2621 1
1043 2566 1230 2651 impostoris
1288 2563 1463 2646 (Essay'on
1478 2563 1649 2632 mcd.Vol.
1665 2565 1691 2628 1.
1707 2585 1739 2646 p.
1754 2569 1839 2648 squ.)
1860 2567 1951 2630 Haeo
1965 2588 2036 2630 om·

363 2681 367 2692 “
487 2667 609 2730 Osmau
626 2667 710 2748 Bey,
729 2666 841 2730 docuit
857 2689 911 2732 mc
926 2668 1144 2753 Cousineryus
1160 2669 1230 2752 ejus
1287 2665 1340 2728 nia
1359 2685 1423 2750 quo
1447 2680 1581 2730 auctore
1605 2666 1770 2750 acceperit
1789 2666 1840 2732 vir
1865 2665 2033 2746 eruditus,

486 2788 571 2831 nunc
587 2786 767 2852 possessor.
1282 2768 1363 2831 mihi
1389 2767 1640 2853 incompertum.
1671 2769 1911 2832 Causam-vero
1932 2770 2031 2832 etism

601 2862 604 2866 ⁵
1284 2869 1446 2933 adamatae
1473 2892 1491 2932 a
1516 2869 1635 2932 Turcis
1659 2869 1755 2932 lunac
1778 2867 1872 2932 vaide
1889 2890 1960 2933 esse
1985 2870 2036 2932 in·

797 2955 901 3036 3²7·
954 3006 958 3013 ·
1283 2983 1424 3048 certam,
1450 2983 1483 3034 et
1501 2991 1544 3034 nc
1564 2971 1613 3032 his
1630 2971 1708 3054 ipsis
1725 2969 1857 3055 quidem
1884 2973 1959 3036 satis
1978 2993 2035 3037 co·

548 3069 731 3156 Procopius
767 3072 920 3156 Byzantis
953 3071 1131 3144 conditoris
1165 3093 1229 3134 ma·
1285 3073 1425 3156 gnitam,
1443 3069 1589 3134 adfirmat
1607 3073 1866 3152 thoderinns,
1887 3075 1942 3158 qui
1960 3075 2034 3158 pin·

486 3189 572 3240 trem
595 3173 788 3237 Ceroessam
814 3187 918 3238 vocat.
951 3174 1132 3257 (desedit.
1151 3178 1227 3236 lust.
1267 3173 1376 3236 ·ribus
1413 3174 1504 3237 annis
1531 3175 1810 3259 Constantinopoli
1833 3174 1957 3260 degens
1985 3177 2032 3236 in-

485 3278 524 3338 L.
545 3280 569 3339 Ι.
588 3297 617 3342 c.
633 3275 681 3360 ὅ.)
703 3275 788 3345 Vide
809 3274 904 3363 plura
923 3269 1008 3361 apud
1030 3277 1230 3359 Hesychium
1287 3277 1397 3339 stituto
1417 3275 1539 3340 sedulo.
1551 3278 1698 3340 examine
1714 3275 1796 3338 nihil
1813 3278 1897 3340 certi
1911 3277 2032 3342 intelli-

482 3379 668 3457 Milesium,
697 3379 755 3462 (dc
779 3380 848 3444 reb.
870 3393 953 3464 patr.
969 3379 1231 3465 constantinop.)
1288 3399 1368 3463 gere
1385 3378 1500 3462 potnit.
1518 3378 1575 3462 (dc
1593 3379 1713 3443 literat.
1731 3381 1830 3443 Ture.
1846 3401 1880 3464 p.
1892 3379 2032 3465 must.)

486 3481 545 3544 sed
561 3481 619 3567 qui
632 3481 757 3547 fabulas
771 3495 892 3546 tantum
909 3495 1030 3548 narrat.
1288 3483 1333 3556 ii,
1361 3480 1415 3566 qui
1437 3479 1599 3560 scribunt,
1623 3485 1731 3564 legem
1755 3479 1817 3543 sibi
1841 3501 1883 3544 cx
1907 3483 2032 3566 praeei-

710 3623 721 3644 .
1287 3582 1360 3667 puis
1386 3605 1481 3645 unam
1510 3603 1582 3645 esse
1606 3582 1789 3665 impositam
1814 3581 1937 3646 debent
1963 3585 2032 3646 exi·

623 3670 661 3734 P·
674 3667 726 3730 ²8·
746 3667 808 3728 ⁶⁰²·
826 3688 852 3734 ¹·
870 3679 948 3750 Vm
964 3667 1025 3731 Μ·
1044 3689 1092 3728 ¹¹·
1287 3687 1433 3760 stimare,
1451 3697 1500 3758 ut,
1515 3703 1590 3746 cum
1604 3683 1779 3768 singularia
1793 3683 1903 3763 nobis,
1922 3707 2030 3770 neque

547 3786 660 3850 Lunae
680 3785 720 3871 in·
731 3779 962 3868 Byzantiorum
979 3784 1085 3848 numis
1104 3783 1230 3864 conspi-
1287 3785 1468 3848 communis
1495 3805 1550 3846 res
1581 3785 1714 3848 notitiae
1737 3801 1888 3865 narrant,
1920 3787 2030 3852 sontes

486 3905 566 3974 cuae
589 3907 717 3952 causam
732 3909 798 3950 non
816 3889 922 3965 attuli,
944 3889 1017 3973 quia
1033 3908 1163 3951 omnem
1182 3887 1230 3968 ig·
1285 3886 1379 3950 nobis
1404 3906 1541 3949 suosne
1564 3887 1747 3964 invideant,
1773 3901 1829 3951 aut
1847 3887 1955 3953 ferant
1974 3912 2029 3974 pa·

484 3987 609 4053 norati.
630 3989 713 4052 Eam
731 4004 840 4053 tamen
859 3990 984 4073 reperit
998 3988 1228 4064 Pinherto'nus,
1284 3988 1422 4066 tienter,
1456 3987 1484 4049 si
1506 3987 1604 4051 iidem
1624 4002 1679 4054 sut
1700 3989 1943 4073 suspendimus,
1975 4005 2032 4056 aut

484 4089 638 4152 nimirum
672 4112 751 4178 cum¹
769 4092 939 4176 Philippus
965 4090 1104 4155 Macedo
1131 4102 1228 4150 nocte
1285 4091 1382 4176 plane
1408 4090 1614 4175 abnegamus.
1645 4083 1711 4155 s'ed
1732 4107 1766 4155 ct
1790 4107 1914 4178 grutam
1934 4093 2030 4159 nobis

485 4191 644 4256 concubia
671 4193 846 4278 repentino
879 4194 1011 4256 incursu
1040 4211 1228 4276 expugnare
1286 4215 1357 4257 rem
1375 4192 1525 4268 fecisset,
1547 4193 1575 4254 si
1590 4205 1756 4256 auctorem
1774 4193 1952 4273 laudasset,
1974 4198 2030 4282 qui

484 4289 678 4378 Byzantium
698 4307 856 4368 tentaret,
883 4296 1229 4379 explicatamrepente
1288 4295 1448 4357 sinistram
1463 4293 1616 4376 Philippo
1631 4296 1823 4378 Byzantium
1842 4318 2032 4382 oppugnan-

485 4397 679 4461 exnubibns
701 4398 810 4460 lunam
832 4397 1008 4481 splendore
1032 4417 1090 4458 suo
1112 4395 1230 4458 adven·
1288 4396 1313 4458 ti
1344 4394 1453 4456 innam
1487 4394 1653 4461 docuerat.
1696 4397 1845 4463 Illustrcs
1881 4399 2030 4464 historici

484 4513 607 4564 tantem
632 4501 761 4564 hostem
791 4499 916 4564 civibus
941 4497 1134 4583 prodidisse.
1165 4496 1230 4558 sd·
1285 4497 1407 4561 factum
1429 4497 1514 4560 istud
1535 4497 1695 4584 ignorant.
1736 4503 1853 4566 Narrat
1875 4499 2031 4580 Iustinus,

485 4601 548 4677 dit,
565 4605 691 4666 Turcos
707 4604 808 4688 longo
825 4615 898 4686 post
912 4615 1061 4683 tompore
1076 4601 1230 4664 Constan·
1287 4601 1436 4663 omissam
1459 4623 1476 4663 a
1497 4601 1677 4664 Macedone
1701 4601 1926 4684 obsidionem,
1954 4603 2029 4689 quis

484 4703 623 4786 tinopoli
642 4705 781 4788 potitos,
809 4725 883 4770 cum
901 4703 999 4766 lunae
1022 4703 1149 4788 signum
1169 4725 1229 4788 per
1286 4703 1318 4764 iu
1336 4702 1470 4785 Scythas
1486 4701 1666 4765 exercitum
1685 4702 2030 4788 duxit,(L.1X.c.s.)

486 4801 596 4888 piures
616 4807 707 4871 urbis
728 4806 817 4873 vicos
839 4807 1043 4890 propositum
1063 4806 1229 4884 viderent,
1285 4805 1467 4882 Diodorus,
1490 4805 1546 4886 (L.
1562 4804 1645 4872 XVI.
1659 4823 1687 4868 e.
1698 4806 1766 4890 77.)
1784 4819 1818 4868 et
1833 4807 2031 4872 Demosthe·
