4482 5560
513 1470 522 1478 ·
642 1473 1356 1635 pererrato

234 2179 361 2330 Quod
380 2219 429 2294 ad
450 2195 591 2292 c'alcem
614 2214 729 2318 partis
746 2213 775 2288 1.
797 2212 905 2322 liujus
931 2209 1055 2314 operis
1076 2207 1196 2284 secere
1223 2207 1386 2302 institui,
1411 2208 1587 2286 nimimm
1607 2217 1778 2318 exposito

235 2361 349 2436 totius
373 2351 577 2454 argumenti
597 2365 695 2424 statu
727 2347 908 2449 subjicere
933 2345 1127 2422 observata
1154 2343 1335 2444 generalia
1341 2401 1354 2440 ,
1380 2342 1512 2444 quibus
1532 2349 1694 2448 partium
1711 2379 1782 2456 per
1835 2339 1840 2352 ⁸

236 2509 358 2569 totum
381 2477 480 2590 opus¹
493 2509 700 2589 sparsorum
721 2481 921 2587 explicatio
942 2493 1199 2583 perageretur,
1225 2481 1319 2582 qua'e
1340 2481 1539 2556 commode
1568 2499 1670 2560 certo
1690 2511 1782 2587 quo-
1865 2491 1881 2506 “

234 2627 338 2730 piam
353 2648 396 2700 ac
415 2637 627 2724 opportuno
646 2617 733 2694 loco
748 2617 876 2722 peragi
890 2641 969 2692 non
982 2613 1127 2720 potuit,
1152 2611 1256 2688 idem
1277 2591 1377 2688 nunc
1401 2615 1515 2689 etiam
1533 2617 1574 2690 in
1597 2617 1669 2694 hac
1700 2645 1781 2699 mo-

236 2777 346 2837 netae
372 2759 583 2850 Romanae,
619 2778 663 2831 ao
690 2751 950 2856 imperatoriae
979 2747 1132 2849 quidem
1164 2749 1398 2854 expositione
1424 2749 1669 2850 constituere,
1703 2782 1783 2834 non

237 2895 328 2972 utile
348 2889 485 2988 modo,
512 2888 580 2965 sed
603 2903 642 2964 et
659 2887 907 2964 necessarium
930 2885 1061 2963 risum.
1112 2885 1206 2960 Sunt
1232 2885 1332 2959 enim
1357 2885 1398 2958 in
1417 2883 1489 2960 hac
1509 2911 1656 2988 quoque
1678 2907 1785 2993 parte

237 3055 316 3108 non
346 3053 465 3130 pauca
493 3025 569 3100 late
593 3051 663 3126 per
683 3023 892 3100 universam
919 3021 1016 3097 hano
1035 3017 1327 3122 disputationem
1352 3014 1570 3116 distributa,
1594 3049 1690 3123 quae
1713 3027 1786 3100 nisi

238 3168 278 3241 in
295 3189 411 3240 unum
429 3161 556 3236 locum
574 3156 812 3257 colligantur,
839 3155 1032 3232 difficilem
1048 3155 1343 3258 impeditumque
1364 3153 1528 3230 reddunt
1555 3157 1603 3231 de
1622 3157 1668 3231 iis
1685 3175 1788 3236 recte

240 3323 283 3376 ac
306 3295 429 3373 sobrie
448 3290 640 3393 judicandi
662 3289 840 3365 laborem.
891 3292 947 3364 Ita
966 3291 1148 3391 congestis
1175 3291 1216 3363 in
1234 3315 1350 3364 unum
1368 3291 1490 3364 numia
1510 3290 1682 3366 omnibus
1698 3323 1731 3372 v.
1754 3323 1786 3371 c.

190 3463 193 3470 ¹
241 3449 414 3508 votorum
421 3483 434 3521 ,
476 3423 819 3518 consecrationmn,
854 3424 1060 3524 legionum,
1098 3439 1136 3496 et
1165 3426 1268 3522 juxta
1299 3421 1342 3498 in
1373 3441 1616 3530 conspectum
1655 3429 1789 3530 positis

242 3563 360 3640 multo
376 3559 523 3664 plenius
542 3551 799 3658 intelligimus,
827 3555 916 3655 quid
943 3557 984 3628 in
1011 3555 1069 3628 bis
1091 3551 1343 3656 similibusque
1372 3559 1489 3632 causis
1508 3559 1618 3635 fixerit
1642 3587 1663 3634 a
1686 3563 1789 3664 prin-

244 3695 389 3801 cipibus
409 3693 670 3786 constitutum,
697 3706 736 3765 et
755 3714 924 3765 successu
947 3689 1127 3790 temporis
1149 3690 1394 3762 immutatum.
1447 3691 1648 3790 Copiosam
1675 3695 1789 3770 etiam

245 3835 368 3910 lucem
393 3828 601 3904 adsundunt
623 3825 797 3928 explicati
815 3825 889 3899 hoc
914 3822 1031 3899 modo
1054 3821 1267 3925 principum
1290 3823 1543 3898 Romanorum
1567 3825 1685 3922 tituli,
1712 3827 1790 3906 sive
1827 3911 1843 3936 ⁰

243 3967 439 4044 honorifici
466 3963 521 4036 illi
552 3963 674 4057 suere,
700 3961 777 4037 eive
804 3974 1029 4062 potestatem
1058 3956 1255 4050 addidere,
1288 3983 1409 4060 neque
1430 3985 1561 4060 pamm
1575 3979 1713 4062 ,nostra
1734 3965 1788 4038 in·

244 4117 357 4178 terest
385 4099 531 4176 novisse
558 4123 604 4170 ex
624 4097 746 4170 numia
770 4097 882 4197 ipsis,
916 4093 1175 4202 monpmentis
1195 4093 1333 4195 quippe
1355 4097 1520 4191 coaevis,
1546 4093 1792 4202 publicisque,

245 4261 317 4338 quo
344 4233 400 4309 illi
422 4249 592 4334 tempore
620 4230 780 4306 conferri
811 4230 1022 4330 coeperint,
1058 4254 1131 4330 quo
1165 4245 1227 4304 aut
1247 4229 1401 4332 negligi,
1437 4246 1499 4306 aut
1520 4231 1631 4334 plane
1655 4237 1790 4311 omitti.

246 4375 296 4446 At
317 4372 358 4444 in
375 4367 600 4470 illustrandis
616 4363 801 4454 ,omnibus
825 4365 882 4438 his
912 4363 1133 4466 argumentis
1162 4361 1264 4440 nulla
1291 4366 1384 4440 mihi
1407 4365 1610 4468 disputatio
1636 4387 1793 4471 propter

246 4503 473 4579 eruditorum
493 4499 754 4576 incredibilem
773 4500 978 4574 dissensum
1003 4501 1119 4600 magis
1140 4501 1218 4576 visa
1248 4501 1452 4576 necessaria
1476 4527 1566 4602 prae
1590 4499 1672 4594 illa,
1700 4529 1794 4603 quae

245 4641 285 4713 in
305 4641 457 4716 iteratae
479 4636 695 4714 tribuniciae
714 4635 910 4735 potestatis
925 4635 1060 4712 modos
1085 4661 1128 4712 ac
1148 4633 1248 4737 leges
1271 4633 1444 4736 inquirit,
1472 4635 1532 4708 cui
1553 4637 1713 4710 examini
1738 4637 1794 4711 in-

1499 4771 1556 4836 Sa
1578 4789 1598 4834 a
