4404 5564
628 552 704 629 AD
737 552 1023 632 VOLVMEN
1054 557 1294 634 PRIMVM.
1688 585 1730 650 ῃ

194 719 515 790 atramentum
528 723 598 788 xit.
615 723 680 808 jam
695 725 811 790 aarum
835 723 935 790 tusae
1005 704 1012 718 “
1312 731 1349 794 r.
1365 747 1420 810 φο.
1723 796 1727 805 ,

193 823 282 888 rur.
306 823 437 894 xxvii.
1057 827 1154 890 nami
1174 827 1249 890 nuic
1270 813 1420 896 nataliae
1446 830 1557 896 nuuc
1578 846 1652 898 aaut
1668 835 1738 898 nti·

454 953 474 990 a
557 907 577 944 ⁴
660 955 681 994 a
995 925 1055 995 dia.
1078 931 1119 998 V.
1139 928 1234 1012 hujus
1247 950 1373 996 uumoa.
1714 931 1719 940 ’

256 1026 364 1112 Atque
382 1025 424 1090 d'e
440 1025 492 1090 ltia
507 1025 719 1104 Cunobelini‚
741 1041 776 1092 et
794 1027 938 1092 Camalo-
1056 1029 1281 1115 Applioahuc‚
1294 1053 1375 1118 quae
1389 1033 1422 1094 in
1432 1029 1531 1098 aimili
1543 1054 1648 1114 cauea,
1662 1056 1737 1104 cum

192 1122 271 1188 duni
279 1128 386 1192 numia
393 1127 576 1192 distinctius
585 1127 936 1213 ridebaturageutlum.
994 1131 1050 1204 diu
1066 1132 1250 1216 litigaretur
1264 1132 1305 1197 ‹le
1323 1155 1422 1199 aeuau
1437 1136 1586 1208 vocabuli
1598 1133 1735 1216 ΒΙΡΙΣ,

191 1227 351 1312 Reliquoa
371 1229 505 1294 omniun
525 1229 616 1292 lubet
635 1231 833 1313 praeterire:
858 1255 889 1298 r.
906 1253 935 1296 c.
993 1233 1133 1318 disputat
1148 1233 1293 1316 Hayuius
1311 1235 1346 1296 in
1365 1255 1440 1299 tuor
1470 1237 1660 1322 Sammlung
1681 1261 1736 1304 eu·

192 1327 395 1400 BOOVIRA
411 1331 465 1396 vel
481 1329 658 1408 BODVO,
680 1330 838 1396 creditam
853 1333 936 1396 Boa·
992 1335 1048 1420 tiq.
1062 1335 1154 1398 Aula.
1175 1355 1184 1396 t
1201 1333 1311 1400 Stirclt.
1329 1335 1362 1400 S.
1372 1335 1424 1412 64.
1445 1341 1528 1400 Item
1542 1359 1735 1423 perversum

193 1427 320 1496 (liccam
328 1431 476 1518 reginam
485 1451 526 1496 ex
536 1431 649 1496 Tacito
658 1434 830 1517 cognitam,
842 1433 934 1500 ΕΑΒ.
991 1434 1148 1519 judicium
1167 1435 1364 1513 Froelichii,
1389 1437 1578 1518 Pelleriuii‚
1599 1441 1736 1508 Bouthe-

192 1531 434 1598 Catairelannm
461 1553 577 1619 regem
600 1556 617 1598 a
642 1534 750 1596 Dione
776 1553 935 1598 memora·
992 1536 1084 1602 lamii
1101 1537 1145 1602 tle
1162 1536 1268 1600 numia
1284 1537 1472 1602 Selinuntia.

190 1647 275 1712 tum,
296 1634 479 1711 evecto,
498 1655 595 1720 quem
611 1635 829 1702 Bouteroriua
846 1649 935 1719 puta·

190 1735 237 1798 rit
259 1755 332 1798 eoae
350 1735 506 1814 Lucium,
531 1737 587 1822 qui
610 1757 727 1820 regum
750 1737 873 1820 primur
900 1735 934 1800 in
1177 1741 1214 1802 P.
1228 1737 1281 1824 93.
1299 1741 1365 1807 col.
1377 1762 1403 1805 a.
1422 1741 1482 1805 litt.
1496 1740 1547 1806 23.

188 1835 355 1900 Britannia
385 1837 507 1901 Chriati
536 1837 637 1901 fidem
666 1837 835 1921 proiesaua
867 1840 933 1915 eal,
1055 1855 1213 1940 lmphu,
1252 1858 1395 1922 cmliug
1435 1858 1474 1920 in
1510 1859 1736 1926 dissertatione

146 1931 152 1938 ’
189 1939 290 2000 REX·
323 1940 482 2016 CALLE,
518 1938 604 2022 apud
632 1937 831 2002 Cffldeflum
868 1953 932 2002 02⁰·
992 1977 1076 2020 auno
1093 1957 1242 2040 proxime
1260 1960 1372 2042 elapso
1387 1962 1512 2023 Romae
1531 1961 1661 2046 vulgata
1673 1962 1734 2026 hoa

188 2041 331 2117 Herum,
346 2039 565 2123 &miliumque
578 2037 824 2122 imeripliossum
839 2039 914 2121 1¹¹ur
915 2061 933 2102 ὅ
991 2077 1106 2118 numoa
1122 2057 1156 2118 in
1173 2057 1310 2122 insulam
1327 2060 1534 2125 Pithecusam
1550 2063 1660 2126 Cumis
1680 2083 1737 2147 op·

190 2140 340 2223 exempla
359 2141 423 2223 jam
440 2139 517 2204 dudi
535 2139 576 2203 ad
591 2139 714 2203 calcem
737 2153 933 2203 commenta·
991 2159 1128 2240 positam
1144 2159 1274 2242 trajicit.
1296 2162 1421 2228 verum
1441 2182 1555 2226 omne,
1581 2162 1642 2227 1220
1664 2183 1737 2228 κῃ.

189 2241 315 2304 ιΐοΐΰω
340 2241 375 2302 ῖῡ
398 2261 513 2304 ²¹¹¹¹¹²⁰⁸
538 2239 691 2306 ῧὸῙῙῖθθθ·
721 2240 933 2323 00¹¹j⁰⁰¹¹¹¹¹³⁵
990 2257 1111 2323 tentiae
1132 2258 1288 2325 hactenus
1306 2262 1611 2347 intra·coujecturaa
1629 2265 1735 2328 conai-

189 2361 270 2422 vero
289 2339 332 2404 (le
353 2340 403 2406 hia
422 2341 572 2419 fallaces,
602 2355 637 2406 et
657 2361 754 2424 caepe
779 2340 933 2404 absurdae
991 2371 1096 2424 num,

188 2455 265 2526 pete
285 2441 526 2507 exauctoribus
542 2441 689 2520 laudatio,
708 2441 883 2519 Carutleno,
899 2455 934 2504 et

188 2544 284 2626 hujus
300 2557 557 2608 commentatore
573 2544 751 2620 Wallero,
773 2547 935 2608 Boutero·
1186 2522 1291 2610 1⁷:93.
1308 2527 1370 2589 ⁶⁰²·
1385 2543 1413 2587 ²·
1432 2526 1491 2589 ²3²²·
1503 2549 1542 2609 7·-

190 2645 260 2722 vio‚
284 2646 403 2710 Winio.
439 2645 524 2708 Sane
550 2667 631 2730 quae
653 2645 704 2708 illi
728 2645 866 2709 ridicula
891 2643 931 2708 ati
1052 2646 1193 2708 Nnmum
1215 2645 1385 2729 hunc-jana
1408 2645 1487 2710 olim
1507 2645 1541 2706 in
1562 2646 1644 2710 uteie
1667 2649 1733 2710 Nu·

188 2744 414 2828 explicandum
430 2746 624 2814 vocabulum
640 2745 815 2824 rusum,
833 2747 931 2808 Tas-
988 2746 1049 2810 mia
1073 2746 1258 2827 veteribus,
1287 2760 1320 2811 et
1340 2765 1426 2809 nuno
1449 2745 1569 2809 iterum
1589 2748 1731 2832 Populo-
1843 2783 1849 2788 ·

187 2849 352 2918 CVANTI
368 2862 429 2912 etc.
447 2847 548 2912 inhia
566 2847 782 2934 nuruiaanepe
798 2847 929 2912 obvium
988 2849 1061 2912 niae
1096 2849 1232 2932 largitus
1264 2869 1335 2911 auur
1367 2861 1505 2932 propter
1537 2867 1732 2913 concursum

186 2949 344 3025 attulere,
367 2949 491 3034 aptiora
510 2949 589 3011 mihi
607 2970 744 3027 acenae,
768 2970 863 3032 quum
880 2969 930 3010 ec·
987 2949 1123 3014 duarum
1149 2972 1333 3028 causarum,
1361 2949 1502 3035 primum
1524 2949 1633 3016 larvae
1658 2971 1731 3013 cum

185 3052 243 3115 riis
260 3051 501 3115 commentariis
518 3051 721 3118 videbantur.
751 3051 821 3114 Nisi
844 3069 927 3134 ergo
984 3052 1094 3136 lingua
1106 3052 1219 3134 ejecta,
1233 3050 1352 3115 deinde
1366 3051 1573 3136 globulorum
1589 3055 1621 3113 in
1635 3066 1728 3136 parte

186 3154 365 3235 scriptorea
380 3157 514 3236 nuperi,
537 3173 618 3237 quoa
633 3153 714 3214 mihi
732 3164 819 3215 tanto
838 3151 927 3213 hiatu
984 3175 1115 3230 aversa,
1139 3153 1292 3216 nimirum
1318 3175 1367 3226 ex.
1384 3154 1461 3236 lege
1487 3153 1519 3214 in
1543 3153 1593 3216 hia
1617 3152 1730 3215 studiis

186 3250 699 3335 commendatanonyruuameua,
717 3253 926 3336 aauiuaqnid,
984 3269 1134 3340 recepta,
1165 3275 1240 3317 eum
1272 3275 1370 3316 numo
1404 3253 1625 3337 anepigrapho
1648 3252 1730 3316 adai·

185 3376 222 3417 uc
243 3353 450 3418 verisimilius
468 3353 597 3431 dixere,
618 3375 673 3416 rea
692 3366 784 3418 vetus
801 3354 927 3416 Britan·
985 3355 1112 3440 gnantla
1128 3368 1177 3418 eat
1192 3354 1304 3439 patria.
1325 3353 1460 3418 Pridem
1474 3374 1646 3430 noveram,
1671 3355 1730 3418 Ca·

184 3457 257 3520 uiue
281 3455 475 3533 monetaria,
501 3470 565 3518 tam
587 3454 727 3539 putanda
747 3468 796 3516 eat
814 3454 928 3534 obacu·
984 3456 1127 3519 marinae
1151 3475 1281 3539 quoque
1299 3473 1414 3516 numos
1431 3453 1466 3514 in
1485 3476 1545 3517 uua
1566 3453 1651 3518 facio
1673 3475 1727 3518 ex·

184 3581 238 3634 ra,
262 3577 299 3620 nc
315 3557 405 3621 cinae
421 3557 570 3635 nomine,
591 3579 688 3642 quam
708 3574 769 3618 noa
784 3567 926 3616 nostram
984 3556 1100 3618 hibere
1121 3558 1259 3631 larvam,
1287 3555 1322 3616 in
1342 3555 1446 3620 altera
1466 3554 1629 3640 globulos.
1663 3556 1729 3622 Ve-

185 3658 379 3722 Germaniae
401 3657 599 3744 experimur.
629 3659 673 3720 At
695 3677 759 3742 quo
781 3656 808 3718 ie
830 3668 926 3739 pacto
983 3679 1055 3720 rum
1077 3657 1136 3720 illo
1155 3670 1324 3741 tempora,
1351 3674 1416 3739 quo
1438 3655 1553 3738 pagina
1579 3657 1660 3720 haec
1681 3671 1727 3740 ty-

184 3775 304 3825 tantam
319 3760 412 3826 nobit
428 3781 519 3846 apem
538 3773 646 3844 puteat
659 3757 829 3844 polliceri,
852 3777 925 3820 oum
982 3759 1033 3842 pia
1051 3779 1204 3842 expressa
1221 3758 1298 3838 luit,
1316 3755 1460 3838 nondum
1478 3757 1558 3819 mihi
1577 3757 1726 3840 cognitus

183 3863 254 3948 ipse
277 3863 342 3947 jam
366 3875 460 3934 antea
485 3861 644 3938 edixerit,
678 3861 712 3922 in
734 3859 927 3923 Pinlaertoni
983 3862 1044 3925 tuit
1061 3861 1250 3926 Camariuae
1271 3881 1387 3922 numus
1406 3880 1480 3922 oum
1495 3857 1647 3942 periatnai
1666 3859 1727 3922 lin·

183 3987 286 4050 opere
315 3965 497 4050 perfectam
527 3962 622 4048 hujua
650 3963 751 4050 partit
779 3961 924 4030 notitiam
948 4021 952 4026 .
983 3983 1066 4048 guae
1081 3963 1169 4026 ioraa
1182 3959 1360 4046 projectae.
1375 3963 1455 4024 Nam
1469 3947 1629 4046 Friucepa
1643 3962 1727 4024 Tur·

184 4067 369 4133 contineri?
982 4065 1029 4128 ria
1058 4063 1180 4127 Mutine
1211 4063 1245 4124 in
1275 4063 1387 4126 Sicilia
1419 4085 1479 4126 aua
1502 4063 1725 4142 numiamaticu

457 4223 469 4244 ‚
983 4166 1053 4249 ejua
1078 4163 1207 4248 generis
1227 4163 1353 4227 nullum
1377 4165 1510 4242 obtulit,
1539 4166 1598 4230 aed
1620 4167 1725 4230 aerius

381 4254 481 4318 385·
498 4255 602 4319 0⁰1³·
619 4253 678 4317 lin.
690 4256 724 4320 5·
981 4267 1076 4330 binos
1096 4268 1130 4328 in
1147 4285 1207 4329 auo
1224 4265 1379 4328 Auctario
1396 4269 1439 4340 1.,
1462 4265 1522 4328 acti
1539 4267 1625 4351 quod
1643 4289 1724 4350 opus

264 4373 426 4436 Deleatur
440 4373 578 4438 Falisci.
981 4368 1273 4452 nonnisifrulgato
1302 4367 1479 4430 Doctrinae
1512 4389 1604 4431 meae
1635 4368 1726 4432 volu·

982 4473 1068 4534 mine
1084 4473 1109 4534 1.
1127 4469 1169 4534 ad
1191 4489 1233 4532 ne
1260 4469 1421 4552 perlatum
1443 4481 1512 4544 est,
1538 4467 1627 4552 quod
1651 4467 1726 4531 lieri

369 4559 405 4618 P·
419 4557 471 4637 39·
490 4557 552 4618 0⁰²·
568 4577 595 4622 ¹·
613 4558 672 4618 lio.
685 4573 736 4624 Β9·
981 4575 1065 4634 solet
1083 4573 1117 4634 in
1134 4585 1219 4634 tanta
1233 4571 1404 4654 regionum
1420 4569 1579 4636 dietantiu.
1602 4572 1723 4638 Veram

244 4675 442 4752 omittenda,
457 4695 539 4761 quae
556 4675 706 4740 dicuutur
721 4675 764 4737 de
779 4677 921 4740 Etleria.
981 4674 1064 4737 adeo
1095 4672 1185 4736 numi
1217 4671 1313 4755 hujua
1342 4672 1480 4755 patriam
1504 4693 1567 4736 una
1589 4672 1723 4738 scientia

1411 4775 1480 4834 Bu
