4476 5564
476 495 547 566 453
1076 459 1276 539 ‚CAPV'T
1316 457 1418 542 XIII.

472 655 669 754 Quanquam
699 665 850 732 magnum
879 643 982 711 visum
1004 642 1041 704 in
1066 643 1218 738 principe
1275 653 1399 712 hereos
1415 644 1786 736 renonesaet'tispetius,
1809 661 2023 727 pannas-espa·

472 751 745 838 intemperantiae
775 760 1018 832 argumentum,
1045 745 1073 808 si
1096 743 1128 808 is
1156 744 1237 812 sibi.
1275 761 1328 814 ctu
1344 757 1627 836 repraesentatione
1638 749 1817 823 potestatis.
1839 749 1929 810 Adeo
1944 751 2021 810 etin

475 863 546 954 ipse
562 853 789 919 aeternitatem
807 845 938 925 tribuit,
961 845 1049 944 quod
1064 846 1219 910 Constan-
1276 857 1339 916 tato
1355 851 1531 930 irreliqinsi
1543 867 1621 948 erpo
1636 850 1712 908 dees
1725 850 2023 926 oestresdeprehen·

473 967 521 1028 tio
535 963 574 1022 tt.
597 951 808 1038 exprobrarit
825 949 1009 1014 Ammianus
1025 951 1073 1030 ·),
1095 968 1137 1011 ex
1153 969 1218 1032 quo
1276 955 1391 1015 dimini
1400 994 1409 1026 ,
1432 953 1489 1032 qni
1499 953 1574 1027 ples
1589 951 1713 1011 timoris
1723 952 1860 1011 humane
1877 952 2021 1016 domato

472 1060 667 1136 Athanasius
698 1051 903 1118 occationem
934 1049 1095 1132 ,arripuin
1129 1033 1217 1114 benc
1275 1054 1402 1130 dicetis.
1426 1053 1527 1113 eitius
1542 1053 1836 1132 deniqueepssduos
1845 1069 2021 1129 peremisse

474 1171 707 1251 imperatorem
727 1153 1122 1240 obliqeeperstringendi,
1144 1172 1218 1216 cum
1275 1159 1368 1231 deos,
1391 1171 1654 1238 qaamperunem
1664 1155 1801 1216 Genium
1812 1155 2022 1236 Baesurispo·

472 1277 688 1355 ¹quereretur,
711 1243 1141 1320 anennullisConstantium
1153 1253 1218 1315 dici
1267 1257 1410 1336 jerutaeri
1435 1257 1473 1316 ln
1487 1249 1624 1315 eandem
1647 1253 1840 1314 sententiam
1857 1254 2021 1323 Minucius

474 1351 665 1442 aeteruum„
687 1380 759 1422 cum
779 1357 910 1418 interim
929 1353 953 1414 ii
972 1355 1034 1444 ipsi
1049 1355 1103 1418 dei
1115 1354 1218 1417 lilium
1274 1355 1370 1418 Felix
1387 1356 1436 1446 t):
1468 1359 1528 1417 stc
1546 1359 1654 1417 eorem
1678 1375 1793 1418 nume
1815 1368 1946 1433 cecant,
1975 1364 2024 1422 ud

474 1489 548 1538 esse
566 1481 736 1531 ueternum
751 1470 910 1544 negarent
925 1453 967 1538 b).
1274 1461 1432 1538 imapines
1440 1458 1629 1537 supplicant,
1637 1459 1777 1538 persium,
1785 1461 1883 1534 idest,
1892 1465 2020 1522 daemu-

537 1573 589 1632 De
608 1565 691 1648 typis
704 1559 953 1636 illustrioribus,
976 1557 1092 1642 quibus
1113 1570 1218 1621 aeter·
1274 1579 1344 1620 nem
1354 1563 1442 1636 σίνε,
1464 1561 1653 1639 implorent,
1676 1569 1708 1620 et
1720 1571 1768 1624 eat
1784 1563 1832 1621 eia
1848 1565 1948 1622 toties
1960 1581 2020 1639 per

376 1735 382 1747 ,
470 1676 608 1742 nitatem
629 1660 989 1749 expressereRomani,
1009 1649 1237 1743 jamagimtss¹
1274 1647 1678 1739 Ieadspens'empejerare,
1700 1681 1796 1742 qraem
1814 1663 1908 1741 repis.
1933 1661 2018 1724 sitis

473 1782 507 1842 in
537 1769 645 1836 nemis
668 1765 800 1847 Traiani
828 1783 889 1848 per
920 1759 990 1842 ejus
1012 1762 1245 1824 consulatum·
1274 1747 1415 1834 constat,
1437 1779 1478 1822 ex
1496 1757 1606 1841 legum
1623 1755 1826 1842 praescripto
1846 1758 2017 1825 adsunam

446 1883 513 1948 ·V.
541 1870 694 1957 signatis,
729 1878 763 1929 et
792 1863 958 1948 in'numis
981 1861 1096 1926 Severi
1117 1865 1157 1931 V.
1181 1863 1216 1926 C.
1274 1859 1576 1936 luissedemna'tes,
1607 1859 1662 1944 qui
1690 1860 1905 1940 perGenium
1927 1865 2019 1948 prin·

471 1980 547 2060 955.
570 1979 607 2037 ln
624 1969 730 2033 numia
749 1964 977 2036 Alexandrinis
991 1962 1217 2040 AntoniniPii,
1275 1964 1355 2057 cipis
1379 1961 1623 2046 pejeraverunt,
1662 1961 1754 2043 eujus
1781 1967 1932 2048 exempla
1963 1966 2018 2029 da·

474 2099 556 2168 quos
582 2073 676 2152 vide,
706 2070 890 2136 Aeternitas
917 2063 1043 2133 Graece
1067 2063 1217 2130 redditur
1274 2063 1355 2128 bunt
1376 2062 1516 2141 eruditi,
1548 2064 1604 2150 qui
1632 2063 1666 2125 in
1697 2066 1791 2130 citata
1822 2067 2016 2146 Tertulisul,

456 2174 621 2248 ἈΙΩΝ,·
1273 2179 1307 2230 et
1324 2165 1460 2228 Minucii
1478 2154 1581 2229 'verba
1606 2167 1815 2245 commentati
1830 2182 1926 2248 suut,
1946 2182 2016 2236 tum

535 2281 613 2342 Fuit
638 2275 734 2341 etiam
758 2272 864 2356 aliqua
887 2268 1060 2334 divinitatis
1089 2267 1216 2353 species
1274 2279 1307 2332 et
1331 2263 1494 2330 seldenus
1510 2263 1555 2347 l).
1596 2269 1649 2331 Ex
1672 2289 1736 2352 quo
1758 2283 1862 2354 patet,
1894 2287 2015 2357 quanto

474 2387 599 2450 Genius
621 2380 762 2460 adaperti
790 2375 824 2434 iu
852 2374 957 2434 nemis
986 2371 1216 2456 perfrequens,
1273 2369 1471 2432 moderatius
1494 2367 1535 2430 de
1558 2389 1594 2432 se
1617 2371 1758 2434 senserit
1774 2373 1949 2456 Trajanus,
1972 2373 2014 2437 de

473 2488 543 2548 sive
574 2481 634 2542 illo
666 2479 833 2540 intellecta
863 2473 924 2536 luit
963 2474 1030 2557 ipsa
1069 2475 1215 2538 Caesaris
1273 2494 1337 2560 que
1349 2473 1471 2534 Plinius
1487 2469 1531 2554 i>a
1554 2476 1666 2536 Simili
1678 2479 1870 2552 reverentie,
1889 2481 2016 2556 Caesar,

467 2587 597 2659 aalma,
628 2581 763 2662 ejusque
787 2596 924 2650 numen,
951 2575 1150 2658 estquidam
1174 2573 1216 2635 de
1272 2599 1335 2639 non
1353 2580 1440 2656 apud
1449 2577 1584 2639 Genium
1603 2585 1691 2636 terem
1705 2579 1842 2636 bertran·
1858 2585 1933 2638 tune
1941 2597 2019 2656 pro-

473 2686 572 2770 plebe
605 2682 703 2757 deus,
739 2681 867 2764 qualem
899 2675 1085 2741 bominibus
1114 2677 1216 2740 luisse
1272 2683 1338 2742 tias
1354 2681 1427 2758 api,
1450 2681 1509 2738 sed
1524 2680 1735 2756 apednumen
1750 2680 1839 2738 loeis
1859 2681 2018 2759 0.t1.pn-

473 2787 617 2850 additum
647 2782 708 2847 sibi
735 2781 831 2866 plane
859 2777 1020 2862 persuasit
1049 2793 1142 2840 retus
1164 2800 1216 2842 su·
1272 2782 1358 2848 teris.
1404 2775 1733 2874 Quarenequaqucm
1760 2777 1899 2852 mirum,
1921 2778 2016 2841 Chri·

460 2883 632 2972 'perstitim
675 2881 760 2954 Vide
786 2883 867 2944 haee
894 2880 1112 2964 explicantem
1136 2880 1217 2942 Dio·
1272 2881 1393 2946 stianos
1411 2899 1474 2968 per
1488 2877 1630 2941 Genium
1652 2879 1798 2950 Caesaris
1818 2879 1928 2962 jurare
1952 2881 2017 2964 jus-

472 2991 583 3053 timum
625 2985 788 3050 fatidicam
832 2978 916 3072 apud
959 2981 1129 3044 Platonem
1163 2985 1213 3065 c),
1272 2971 2015 3068 sosistudobsequiigenusdetreetasae,quia

474 3095 634 3154 Senecam
657 3087 708 3170 d),
743 3086 900 3166 aliosque.
944 3079 1110 3176 Quidquid
1141 3083 1213 3160 erit,
1272 3093 1394 3145 tautum
1424 3083 1570 3148 tribuere
1608 3085 1715 3146 Genio
1755 3085 1849 3146 neias
1879 3083 2016 3160 duxere,

472 3193 553 3252 nilail
582 3189 749 3272 paullatim
773 3189 807 3248 in
830 3183 970 3266 imperio
997 3185 1037 3244 ll.
1068 3183 1130 3246 hoc
1155 3204 1216 3268 *ge-
1273 3198 1307 3249 et
1331 3185 1406 3268 quis
1429 3187 1559 3264 nomine
1581 3185 1678 3248 Genii
1701 3206 1764 3248 non
1787 3187 1953 3247 innoxium
1977 3187 2014 3248 ll·

429 3309 432 3314 ·
471 3295 526 3356 nio
543 3291 720 3370 illustrius,
742 3289 825 3352 nihil
851 3285 1008 3362 sanctius,
1031 3285 1112 3350 nibil
1133 3306 1214 3350 vero
1256 3279 1358 3362 lum,
1401 3301 1436 3350 et
1469 3308 1567 3373 saepe
1605 3289 1779 3350 salutarem
1811 3289 2014 3357 Graecorum

471 3395 567 3458 etiam
596 3394 718 3477 populo
741 3391 844 3474 magis
868 3387 1077 3486 metuendum
1102 3389 1212 3450 erasit.
1271 3381 1416 3470 despera,
1456 3387 1513 3458 sed
1547 3387 1666 3452 malum
1695 3388 1790 3450 illum
1820 3381 2014 3453 daemonem

467 3502 538 3572 ¹lem
571 3494 717 3576 Caligula
748 3504 855 3555 morte
892 3489 1013 3554 adiecit
1041 3509 1118 3567 eos,
1157 3489 1213 3576 qui
1270 3509 1411 3574 corpora
1432 3489 1570 3552 humana
1593 3488 1815 3567 obsidentem,
1855 3505 1888 3553 et
1916 3491 2015 3554 saeris

470 3573 1213 3684 nunqusmperGeniumsudmdejerassent0),
1271 3591 1425 3676 precibus
1462 3592 1538 3654 inde
1571 3592 1767 3677 exigendum
1807 3591 2013 3669 intellexere,

464 3723 578 3786 neque
604 3697 691 3763 aliud
717 3697 872 3778 deinceps
901 3693 1120 3778 jusjurandum
1150 3716 1214 3756 ma·
1271 3691 1359 3775 quod
1387 3713 1428 3754 ex
1451 3693 1598 3775 ejusdem
1622 3693 1817 3755 Tertulliani
1846 3695 1955 3758 verbis
1976 3695 2016 3756 li·

472 3805 521 3887 gis
552 3802 746 3884 religiosum
776 3799 937 3873 habitum,
975 3817 1070 3882 quam
1100 3797 1213 3880 impie·
1271 3793 1371 3876 quido
1402 3807 1535 3880 apparet
1560 3793 1618 3882 Β).
1647 3795 1691 3856 At
1722 3795 1808 3878 apud
1838 3797 2014 3872 Romanos,

472 3919 569 3969 tatem
587 3901 704 3965 acerbe
722 3899 804 3962 adeo
828 3897 1053 3982 perstrinxere
1075 3897 1212 3980 scripto·
1261 3883 1356 3982 ¹quod
1379 3881 1454 3961 loco
1478 3895 1618 3958 indicato
1639 3897 1760 3958 fatetur
1789 3917 1918 3981 quoque
1941 3897 2020 3972 Sela

470 4026 524 4069 res
547 4001 739 4074 Christiani,
773 4021 853 4084 quoa
881 4001 967 4060 inter
989 4000 1212 4062 Tertullianus
1271 3997 1392 4074 denus,
1415 4018 1479 4059 nou
1496 3999 1619 4062 Genius
1637 3999 1753 4078 modo,
1776 3999 1833 4061 sed
1858 4013 1891 4062 et
1910 3995 2013 4079 Salus,

469 4111 608 4183 snnJere,
632 4101 736 4185 inquit
758 4097 805 4184 s),
824 4104 1008 4182 formidine,
1032 4084 1065 4163 et
1079 4105 1214 4165 calidio-
1271 4100 1364 4174 Vite,
1386 4099 1531 4163 Fortuna
1554 4101 1719 4176 Caesaris,
1751 4121 1914 4190 perquer
1937 4123 2015 4188 quo·

468 4227 506 4270 re
520 4205 693 4268 timiditate
712 4203 878 4264 Caesarem
897 4205 1089 4280 observatis,
1118 4224 1215 4287 quem
1272 4221 1336 4287 que
1357 4201 1459 4284 jurari
1479 4206 1664 4282 consuevit,
1687 4205 1825 4289 perinde
1853 4223 1890 4269 ac
1909 4207 2013 4270 serius

469 4315 575 4390 ipsum
592 4307 631 4382 de
656 4305 788 4398 Olympo
810 4306 928 4368 Iovem.
955 4339 991 4352 -
1010 4337 1047 4352 -
1076 4307 1148 4367 Sed
1157 4326 1215 4370 neu
1270 4305 1305 4366 in
1324 4303 1514 4369 Christianis
1535 4307 1739 4392 principibus
1757 4309 1931 4392 Maiestas,
1956 4309 2014 4371 Se·
2074 4321 2081 4334 ⁴

505 4539 536 4610 a)
555 4535 658 4595 LXV.
677 4553 693 4592 c
713 4544 741 4598 l.
815 4529 849 4603 b)
869 4532 899 4589 iu
915 4534 1011 4600 Tract.
1031 4530 1068 4590 de
1083 4533 1195 4612 synodo
1210 4535 1307 4596 litim.
1380 4541 1410 4613 e)
1430 4540 1620 4602 inconvicto
1635 4485 1811 4618 p.m.2ot.'
1864 4545 1898 4616 d)
1919 4543 2017 4622 Epist·
2060 4579 2065 4588 ·

470 4627 533 4686 CX.
624 4629 655 4700 e)
675 4623 794 4680 Sueten.
815 4620 847 4677 iu
867 4621 930 4680 Cal.
951 4645 975 4682 c.
996 4634 1043 4690 97.
1134 4625 1307 4706 slltpolog.
1327 4647 1351 4686 c.
1370 4640 1416 4692 28.
1505 4635 1537 4707 g)
1557 4633 1589 4685 in
1609 4629 1714 4692 Octav.
1743 4655 1767 4694 e.
1788 4646 1824 4708 29
1842 4655 1872 4712 p.
1895 4655 1933 4694 tn.
1953 4645 2015 4708 298.

468 4714 503 4788 h)
524 4715 554 4772 in
573 4711 1038 4784 martn.l‚l·010n.p.ttt.172·
1114 4721 1139 4788 i)
1153 4721 1254 4794 Paueg
1283 4737 1306 4775 e.
1328 4727 1372 4779 52.
1444 4719 1478 4790 t)
1498 4719 1624 4798 Apelcg.
1646 4741 1669 4779 e.
1689 4733 1734 4785 32.
