4440 5550
469 392 549 468 Ι138

478 561 700 646 misimiilimi
722 573 784 620 tam
811 553 975 629 Caesaris,
998 573 1093 637 quam
1115 553 1250 634 »lugu--

362 667 385 692 ‘⁸
480 673 520 734 sti
542 666 675 732 nemide
699 662 862 742 insignes,
893 659 925 716 in
950 672 1085 739 quorum
1110 673 1223 716 aversa

474 757 617 862 legiturj
639 763 777 840 VO‘l'sl,
791 759 978 828 PVBLICA
995 769 1071 840 typo
1087 753 1222 832 Anubis,

478 872 594 958 quibus
620 865 704 928 adde
727 883 859 924 numum
886 860 998 921 iuliani
1021 857 1125 918 adhuc
1145 858 1223 918 Cae·

479 973 559 1036 sarie
582 989 679 1051 sopra
700 985 787 1027 num.
812 965 841 1024 (a.
864 959 1082 1040 descriptum,
1111 971 1163 1031 et,
1187 971 1223 1018 ut

478 1086 586 1158 patet,
616 1071 798 1152 imperante
827 1061 933 1138 adhuc
964 1063 1152 1125 Constantio
1183 1059 1222 1120 si-

479 1189 630 1260 gnatum,
652 1161 716 1252 quo
737 1155 886 1250 tempore
910 1164 937 1226 is
958 1162 1146 1224 Constantio
1168 1159 1221 1222 ad·

476 1280 541 1340 huc
564 1273 722 1336 obnoxius
739 1267 958 1362 etp-tatianum
977 1283 1051 1326 sese
1069 1261 1221 1346 proliteri

478 1375 771 1461 quomodocunque
807 1369 926 1432 invitus
960 1365 1082 1427 debuit.
1126 1362 1221 1423 Simi-

475 1483 542 1541 lem
582 1475 784 1540 Constantini
818 1475 862 1532 M.
898 1488 1030 1530 numum
1071 1464 1220 1526 consulto

473 1587 666 1667 praetere03
690 1597 762 1638 nam
782 1573 879 1638 video
897 1587 993 1652 posse
1013 1564 1218 1648 responderi,

472 1682 573 1744 fuisse
592 1682 751 1762 signatum
774 1690 857 1748 tum,
881 1692 955 1733 eum
974 1669 1078 1730 adhuc
1096 1670 1218 1742 lovem,

472 1789 677 1865 Martemque
702 1783 735 1840 in
764 1787 892 1837 monete
917 1772 1124 1833 toleraverat.
1154 1769 1220 1829 De·

474 1891 572 1968 nique
596 1883 719 1943 similes
736 1877 825 1939 numi
847 1885 1023 1935 occurrunt
1043 1869 1138 1931 etiam
1158 1867 1217 1928 sub

473 1989 625 2057 loriano,
650 1979 896 2048 Valentiniano,
920 1974 1078 2045 Valente,
1095 1970 1218 2036 Gratia·

472 2109 534 2162 no,
558 2083 761 2146 idololatriae
784 2097 985 2163 nequaquam
1007 2073 1175 2156 suspectis.

536 2187 716 2248 Enimvero
739 2181 847 2245 emnia
869 2175 1085 2262 persuadent,
1111 2175 1217 2246 luisse

471 2291 503 2350 in
534 2293 684 2372 Aegypto
713 2299 804 2348 vetus
835 2282 1034 2354 institutum,
1064 2290 1099 2339 ut
1129 2276 1217 2338 statis

471 2391 676 2473 temporibus
703 2401 773 2454 rota
794 2383 924 2472 publica
944 2383 1029 2442 sorte
1054 2399 1114 2461 pre
1134 2379 1217 2439 salu·

469 2504 502 2553 te
522 2493 704 2576 principum
722 2489 994 2572 conciperentur,
1012 2502 1049 2543 ac
1066 2494 1133 2541 tum
1150 2499 1217 2540 sno·

470 2607 546 2654 neta
578 2613 651 2656 cum
682 2589 877 2672 imaginibus
910 2585 1067 2656 deorum,
1100 2580 1216 2663 quibus

471 2695 686 2775 supplicatum
716 2707 781 2767 est,
815 2698 1018 2768 erogaretur.
1063 2684 1147 2744 Sane
1170 2682 1216 2742 in·

467 2795 511 2858 de
541 2817 558 2852 a
591 2791 797 2854 Diocletiano
829 2789 971 2850 omniurn
1002 2786 1074 2847 lere
1105 2787 1216 2874 dugu-

468 2909 593 2956 storum
624 2907 657 2956 et
689 2894 865 2971 Caesarum
895 2889 929 2952 id
960 2909 1063 2972 genus
1098 2905 1214 2948 numos

467 2997 643 3071 habemus,
667 3009 805 3078 suntque
826 2993 930 3054 forma
946 2990 1117 3076 modisque
1134 2990 1214 3050 mul·
1245 3071 1249 3078 Ι

415 3107 421 3132 “
469 3111 536 3160 mm
571 3098 709 3162 diversis
738 3119 755 3158 a
785 3109 915 3158 moneta
945 3092 1109 3155 ordinaria
1139 3089 1214 3151 Ate·

469 3201 623 3294 xaudriae
647 3202 781 3284 signata.
814 3197 901 3288 Quid
925 3193 1012 3277 quod
1034 3193 1128 3274 hujus
1151 3193 1214 3254 ori·

468 3325 509 3387 go
533 3315 682 3365 monetae
717 3301 803 3364 sorte
833 3298 928 3362 altius
952 3309 1012 3358 eet·
1023 3292 1212 3377 repetenda.

468 3407 582 3468 Exstat
612 3405 644 3464 in
677 3424 791 3465 museo
815 3405 974 3466 Caesareo
1006 3417 1127 3460 aeneus
1149 3399 1213 3458 fla·

467 3507 572 3568 driaui
600 3505 724 3568 formae
754 3507 794 3568 ll.
823 3503 1086 3570 ttsntttsNVS.
1109 3499 1211 3570 AVG.

470 3607 564 3674 COS.
575 3609 629 3670 lll.
645 3609 681 3673 P.
696 3609 731 3671 P.
756 3611 856 3688 Caput
872 3607 1060 3669 laureatum.
1085 3600 1108 3660 Ξ
1130 3607 1211 3666 St'ue

467 3715 646 3794 qrr'qrapde.
689 3715 754 3774 Isis
767 3713 966 3791 praepraudi
981 3711 1056 3770 curri
1072 3707 1212 3768 cementi

464 3819 647 3880 insidenad.
661 3821 800 3890 sistrum,
818 3835 844 3874 s.
859 3815 995 3874 hertam.
1017 3811 1143 3870 Numue
1157 3807 1211 3868 hie

464 3919 632 3981 commatis
662 3917 801 3979 llornaai
827 3926 918 3976 certe
949 3931 1011 3972 non
1040 3921 1105 3986 est,
1135 3927 1210 3970 nam

463 4020 557 4079 deest
575 4034 649 4094 nota
672 4019 705 4082 S.
725 4021 779 4092 C.,
804 4029 837 4077 et
855 4016 991 4076 multum
1014 4011 1054 4074 ab
1072 4011 1136 4072 hoc
1157 4011 1211 4072 ab·

439 4119 546 4200 ,tudtt
573 4117 712 4192 fabrica,
742 4137 850 4198 neque
882 4131 975 4197 typus
1006 4112 1076 4194 ipse
1104 4110 1209 4172 adhuc

451 4208 495 4280 'in
520 4219 588 4280 ullo
620 4230 712 4279 certo
742 4215 887 4299 ejusdem
918 4214 1086 4276 commatis
1109 4233 1209 4275 numo

464 4323 673 4398 observatus3
710 4331 742 4380 at
771 4317 928 4400 frequens
956 4327 1007 4378 est
1036 4314 1070 4374 in
1102 4313 1208 4394 hujus,

468 4501 1235 4534 ...u—numm

498 4645 528 4712 a)
550 4643 578 4698 L.
601 4639 693 4702 xxtt.

1066 365 1347 442 ivatauvs
1376 348 1432 438 tt.

1281 549 1322 614 de
1340 571 1401 636 qua
1418 548 1560 633 agimus,
1584 550 1696 614 elassis
1713 553 1833 630 rumis,
1856 565 1892 614 ut
1906 549 2049 618 videre

1281 667 1330 716 est
1349 675 1444 738 supra
1466 651 1502 712 in
1519 651 1680 729 numisd,
1707 653 1761 731 13,
1789 655 1835 716 18.
1865 655 1954 718 Huic
1971 655 2051 717 ad·

1281 758 1322 818 de
1342 755 1479 816 similem
1501 752 1672 816 Faustinae
1695 755 1834 816 senioris
1853 757 1886 814 in
1908 778 2048 822 museo

1281 855 1456 939 'l'lteupoli.
1488 855 1583 923 Vnde
1612 857 1789 940 verisimile
1812 855 1865 932 lit,
1888 857 2049 922 Hadria-

1279 981 1322 1022 no
1341 961 1541 1040 imperante,
1564 977 1661 1040 quem
1678 958 1912 1038 Aegyptiorum
1930 937 2045 1024 saer·

1280 1060 1396 1145 cupide
1415 1058 1600 1142 amplexum
1618 1059 1784 1132 norimus,
1807 1060 1928 1142 aliquid
1947 1065 2041 1126 nevi

1280 1165 1359 1223 ritus
1380 1175 1530 1232 votorum
1549 1161 1755 1242 publicorum
1771 1164 1902 1223 nomine
1920 1161 2039 1228 faisse

1278 1265 1460 1336 invectum,
1492 1277 1525 1322 et
1545 1261 1766 1344 continuatum
1786 1264 1957 1348 deinceps,
1990 1281 2037 1329 et

1278 1365 1338 1426 sub
1365 1365 1443 1448 ipsis
1469 1363 1583 1437 etiam,
1619 1378 1654 1426 ut
1683 1364 1837 1448 vidimus,
1867 1367 2035 1450 principi-

1278 1467 1337 1528 bus
1358 1465 1565 1540 Christianis,
1588 1464 1768 1556 ferentibus
1786 1467 1835 1528 hia
1850 1467 1956 1529 adhue
1975 1471 2034 1528 in-

1278 1581 1440 1631 veteratos
1468 1567 1623 1652 quosdam
1650 1567 1747 1642 ritus,
1782 1589 1863 1653 quoe
1892 1573 2031 1652 penitus

1278 1665 1429 1731 evertere
1457 1669 1718 1750 intempestivum
1750 1669 1872 1746 risum,
1902 1671 2029 1734 eodem

1276 1791 1394 1852 nempe
1418 1769 1536 1845 modo,
1559 1790 1623 1852 quo
1644 1770 1846 1834 Christianos
1869 1771 1946 1836 tulit
1971 1774 2025 1834 lu·

1277 1872 1390 1934 lianus.
1412 1877 1485 1934 Hoc
1507 1873 1624 1934 deinde
1644 1871 1825 1956 imperante
1843 1871 1923 1956 haec
1944 1889 2026 1938 seta

1276 1973 1405 2056 publica
1430 1994 1504 2044 cunt
1528 1974 1616 2036 omni
1640 1995 1697 2035 sua
1721 1975 1953 2057 superstitione
1976 1977 2027 2038 al-

1255 2077 1339 2138 .tius
1363 2075 1517 2137 extulisse
1543 2087 1655 2157 caput,
1678 2087 1728 2152 et,
1750 2075 1837 2158 quod
1861 2077 2022 2161 sequitur,

1276 2179 1407 2261 impune
1448 2177 1678 2258 multiplicatos
1720 2197 1852 2254 numos,
1896 2181 2023 2241 nemini

1275 2281 1377 2343 credo
1406 2280 1523 2341 mirum
1552 2279 1717 2341 videbitur·
1735 2283 1868 2359 cognito
1895 2285 2023 2366 praeci-

1274 2402 1338 2466 pue
1364 2381 1433 2464 ejus
1455 2383 1487 2442 in
1504 2382 1664 2462 Aegyptia
1684 2401 1774 2443 saera
1793 2379 1932 2458 adiectu.
1956 2385 2019 2448 eut

1274 2483 1467 2545 illustrando
1496 2497 1688 2566 argumento
1714 2483 1884 2565 praeclare
1905 2487 2018 2562 servit,

1274 2584 1361 2670 quod
1391 2585 1496 2646 refert
1519 2584 1708 2648 Ammianus
1725 2590 1787 2668 ¹),
1805 2587 2017 2650 Dracontiuna

1274 2700 1423 2749 monetae
1451 2687 1688 2751 Alexandrinae
1712 2688 1931 2770 praepositum
1958 2709 2020 2772 per

1273 2789 1360 2851 idem
1398 2784 1525 2872 tempus
1557 2790 1596 2852 ab
1634 2789 1803 2871 oppidanis
1835 2785 2020 2856 idololatrie'

1272 2891 1372 2953 luisse
1397 2892 1630 2966 exanimatum,
1660 2891 1748 2974 quod
1773 2911 1862 2954 aram
1888 2893 1920 2952 in
1948 2915 2018 2956 me·

1272 3001 1362 3068 neta,
1402 3015 1497 3077 quam
1533 2993 1685 3076 regebat,
1723 3010 1840 3056 reeens
1865 2993 2016 3073 locatam

1273 3087 1401 3160 evertit,
1436 3095 1578 3156 Dubium
1598 3115 1662 3155 non
1680 3093 1830 3169 ridetur,
1853 3118 1870 3157 a
1889 3096 2014 3159 luliano

1259 3195 1303 3259 .in
1323 3195 1393 3286 ejus
1412 3195 1521 3262 locum
1539 3193 1710 3260 suffectum
1727 3197 1828 3260 fuisse
1847 3198 2013 3260 ltoutinenr

1271 3298 1321 3359 sui
1347 3295 1468 3374 cultus,
1501 3321 1517 3360 a
1545 3319 1609 3382 quo
1633 3299 1809 3362 verisimile
1832 3314 1883 3361 est
1907 3299 2017 3363 derne·

1270 3398 1363 3462 rendi
1388 3401 1594 3483 imperatoris
1617 3419 1711 3462 causa
1736 3403 1938 3485 ejuscemodi
1959 3425 2017 3465 nu·

1270 3522 1341 3565 mos
1363 3516 1452 3564 tanto
1474 3502 1573 3564 fuisse
1596 3523 1733 3568 nurnero
1757 3525 1938 3588 pereussos.

1333 3605 1488 3688 Plerique
1504 3603 1693 3680 credidere,
1715 3606 1747 3666 ia
1762 3605 1814 3668 his
1828 3609 1935 3670 numia
1951 3607 2012 3671 sub

1268 3705 1408 3789 imagine
1438 3706 1602 3790 Serapidis
1633 3710 1737 3771 latere
1766 3709 1944 3782 lulianum,
1981 3724 2016 3770 et
2062 3692 2069 3708 ’

1269 3807 1329 3871 sub
1356 3809 1457 3870 altera
1484 3807 1578 3871 isidis
1602 3811 1763 3874 Helenam
1790 3831 1936 3875 uxerem.
1960 3813 2014 3874 De

1269 3911 1393 3972 luliano
1417 3909 1564 3973 dubitare
1596 3911 1651 3977 vix
1678 3911 1773 3988 licet,
1804 3915 1955 3997 quoniam
1977 3915 2014 3974 in

1267 4009 1333 4072 illie
1359 4011 1460 4074 iacies
1490 4013 1658 4096 Serapidis
1690 4015 1770 4076 nihil
1802 4015 1901 4079 habet
1930 4015 2011 4098 ejus,

1268 4113 1370 4194 qualis
1399 4111 1456 4178 ille
1487 4115 1520 4175 in
1551 4115 1623 4178 aliis
1652 4117 1869 4180 monumentis
1891 4137 2013 4204 prepo-

1267 4213 1372 4292 nitur,
1410 4217 1467 4277 sed
1501 4217 1552 4278 rix
1583 4215 1733 4300 ambigue
1763 4219 1879 4281 loliani
1910 4221 2012 4282 linea·

1267 4331 1393 4393 meum,
1416 4331 1449 4381 et
1471 4317 1641 4383 habuimus
1662 4321 1832 4386 innumera
1855 4323 2012 4386 haetenus

1840 4515 2009 4534 ”-
