4422 5546
445 407 488 572 ’Β
742 431 747 436 ’
792 529 800 540 .
1002 457 1473 570 urocuurmnva

733 579 738 588 ¹
1369 579 1382 622 b

467 669 518 734 Aa
544 667 645 739 haec,
666 674 702 724 ut
719 660 782 744 jam
802 658 835 717 in
857 651 971 716 Tacito
992 649 1076 730 Aug.
1101 644 1216 708 adver·
1272 641 1358 705 fitsri
1382 641 1477 706 etiam
1505 653 1659 725 cogatur,
1685 641 1779 726 hujus
1797 644 1928 728 imperii
1947 667 2012 710 mo.

469 773 588 841 timus,
625 765 825 826 bassetus
861 753 1019 835 inscripto
1049 747 1216 815 ADVEN·
1272 758 1380 808 aetam
1412 743 1457 808 sd¹
1476 744 1677 825 singulorum
1706 747 1873 810 historiam
1899 771 2012 832 parum

472 874 569 938 TVS.
584 865 685 934 AVG.
703 884 770 926 non
786 877 919 940 semper
938 853 1098 934 adventus
1115 850 1148 910 ia
1165 869 1217 910 ur·
1274 861 1328 910 aut
1359 847 1440 908 nihil
1471 835 1641 922 conferre,
1674 863 1707 910 et
1740 849 1828 932 quod
1854 853 2012 934 sequitur,

470 977 547 1038 bem
565 971 660 1048 orbis,
671 963 853 1050 principem
863 952 1124 1038 intelligebatur.
1139 949 1216 1010 Alio
1243 1005 1258 1032 ,
1273 951 1406 1012 inutiles
1434 949 1592 1012 cecidisse
1616 965 1769 1024 conatus,
1796 951 1911 1036 quibus
1933 977 1952 1017 a
1972 955 2016 1013 vi·

471 1078 573 1160 igitur
599 1069 737 1134 consilio
761 1058 954 1130 Vaillaatius
980 1069 1014 1116 et
1033 1053 1215 1116 Bandurius
1272 1054 1319 1114 ris
1345 1051 1481 1114 cruditis
1507 1050 1549 1112 de
1575 1051 1825 1137 uniuscujusque
1849 1057 1933 1120 5011,
1959 1053 2015 1116 (10.

472 1173 660 1240 Maximiani
689 1163 849 1228 Herculei
879 1163 912 1221 in
942 1156 1088 1220 Africam
1120 1152 1234 1236 traje-
1273 1151 1462 1216 eennalibus
1493 1152 1628 1235 aliisque
1657 1155 1750 1216 lactis
1780 1155 2014 1238 chronologias

473 1292 561 1341 ctum
591 1271 698 1336 notari
729 1266 927 1335 adseruare,
959 1281 1021 1342 qua
1052 1258 1085 1318 in
1120 1273 1218 1336 expc—
1273 1269 1327 1318 aut
1345 1255 1501 1318 historiae
1521 1273 1808 1339 causapugnaaum
1827 1271 1886 1320 οη,

414 1383 417 1390 ’
474 1381 597 1446 ditione
637 1378 770 1436 Mauros
812 1359 1136 1456 Quinquegentianos
1177 1353 1218 1416 ad
1490 1398 1494 1406 ,
1552 1400 1572 1438 Ι,
1635 1359 1654 1398 s
1715 1402 1735 1443 ᾖ

337 1473 343 1492 ’
474 1478 668 1564 obsequium
690 1469 865 1535 revocarit.
896 1469 977 1528 Nam
1002 1474 1133 1524 certum
1156 1469 1217 1532 est,
1415 1462 1521 1524 Vtut.
1537 1465 1574 1522 Β,

473 1600 585 1667 typum
614 1581 702 1656 buuq
727 1585 830 1636 totum
854 1587 927 1630 esso
949 1562 1154 1634 Africanum,
1181 1569 1216 1617 ut
1273 1555 1526 1624 FORTVNAE.
1570 1561 1748 1628 REDVCI.
1786 1563 1906 1626 CAES,
1945 1561 2017 1623 NN.

373 1697 376 1704 '
473 1697 564 1770 patet
602 1702 643 1743 ex
682 1694 781 1738 numo
811 1668 883 1736 Val.
914 1661 1100 1726 Maximiani
1131 1661 1217 1740 Aug.
1276 1664 1494 1724 Mulierstans
1508 1667 1537 1722 d.
1550 1665 1815 1742 qubemaculum,
1830 1685 1855 1724 a.
1871 1651 2020 1728 cornuco-

474 1797 549 1872 ‘post
566 1791 768 1860 resumptum
786 1771 826 1832 ab
844 1770 907 1829 hoc
923 1763 1097 1847 imperium
1114 1762 1219 1840 signa·
1271 1765 1366 1844 piae,
1385 1783 1443 1840 pro
1464 1766 1600 1840 pedibus
1623 1775 1712 1842 roto,
1740 1769 1775 1827 in
1794 1768 1873 1828 aliis
1893 1770 2017 1846 qlobua.

474 1903 528 1962 to,
579 1881 821 1960 inscriptaquea
875 1861 1218 1931 CONSERVATOD.
1276 1864 1346 1924 att.
1363 1864 1401 1924 ll.
1424 1863 1523 1943 (Mus.
1540 1865 1648 1944 Caes.)
1825 1929 1831 1938 ¹

476 1981 680 2050 AFRICAE.
718 1971 844 2046 SVAE,
887 1969 1012 2035 Verum
1052 1963 1130 2048 quid
1167 1962 1221 2024 ad·
1340 1963 1520 2026 Nonaliud
1550 1965 1706 2028 habemus
1733 1967 1918 2048 exemplum
1943 1967 2019 2028 insi-

475 2100 594 2150 rentus
631 2081 664 2140 in
706 2075 850 2137 Africam
889 2068 930 2131 ad
967 2067 1220 2143 Diocletianum,
1279 2063 2021 2153 gnitiuspromiscuaetuminterAugustoset

477 2189 556 2274 quin
582 2197 615 2247 st
640 2176 864 2242 Constantium
889 2185 923 2233 et
946 2167 1133 2242 Galerium,
1166 2165 1223 2250 qui
1277 2169 1435 2230 Caesares
1458 2181 1619 2234 monetae.
1651 2169 1831 2234 Enimvero
1857 2170 1946 2233 utin
1968 2171 2019 2235 his

477 2285 707 2352 Maximianum
744 2276 784 2340 ad
821 2276 883 2336 boc
920 2269 1044 2334 bollum
1077 2269 1222 2332 comitati
1277 2269 1402 2343 numia,
1432 2269 1488 2351 qui
1513 2285 1588 2332 sant
1609 2271 1710 2353 ipsius
1732 2269 1883 2353 Augusti,
1906 2293 2021 2338 aversa

477 2411 543 2454 non
559 2384 655 2448 sunt?
678 2376 870 2462 Respondet
881 2372 1078 2448 Bandurius‚
1102 2384 1221 2434 tantam
1252 2369 1471 2456 ‚Caesaribus
1494 2369 1697 2448 inscribitur,
1720 2373 1767 2436 sio
1787 2375 1842 2439 alii
1859 2374 2022 2438 habentur

477 2491 579 2554 fuisse
605 2483 846 2548 Diocletianum
880 2479 967 2538 inter
996 2489 1029 2560 et
1056 2474 1224 2536 Maximis·
1278 2471 1368 2532 numi
1403 2473 1581 2536 Constantii
1613 2487 1646 2537 et
1677 2471 1802 2537 Galerii
1834 2478 2022 2542 Maximiani

477 2611 556 2655 num
583 2582 808 2652 concordiam,
843 2593 877 2639 ut
901 2580 934 2637 in
962 2574 1097 2656 singuiis
1124 2574 1222 2655 maje·
1280 2575 1472 2656 Caesarum,
1494 2572 1683 2657 inquorum
1702 2595 1832 2640 aversa:
1856 2577 2023 2647 Fottt‘v-
2049 2608 2054 2620 ·

480 2706 545 2754 stas
569 2689 672 2750 omnis
694 2681 826 2766 imperii
848 2680 880 2738 in
905 2675 1045 2738 solidum
1073 2675 1221 2737 residere
1279 2671 1816 2753 NAE.REDvct.avGG.1un.‚
1833 2697 2022 2762 quaeaver.

478 2793 667 2879 videretur,
702 2799 735 2846 et
761 2781 849 2867 quotl
876 2776 916 2839 ab
942 2799 1009 2838 uao
1034 2776 1152 2838 horum
1179 2776 1223 2836 ia·
1280 2797 1314 2838 sa
1339 2777 1378 2838 sd
1402 2795 1484 2838 unos
1506 2776 1669 2858 Augustos
1694 2781 1846 2860 pertinet.
1875 2781 2023 2848 Counec·

479 2909 568 2962 ctum
593 2900 696 2962 esset,
719 2885 898 2946 duceretur
918 2878 958 2940 ad
976 2878 1104 2944 laudem
1127 2876 1224 2940 etism
1280 2877 1378 2964 tenda
1402 2873 1484 2940 haec
1501 2877 1740 2940 animadversio
1762 2899 1833 2944 curu
1859 2883 1916 2960 iis,
1940 2906 2022 2970 quae

481 2995 616 3060 alterius
647 2987 815 3074 pertinere
831 2986 872 3063 ⁸).
914 2984 1057 3056 Damus,
1093 2992 1223 3042 mutuae
1280 2978 1379 3042 modo
1405 2977 1560 3042 continuo
1585 2976 1755 3064 disputavi.
1785 2985 2022 3069 Rotam,quse

482 3092 734 3160 benevolentiae
762 3105 858 3150 causa
879 3082 1151 3147 communicatum
1175 3079 1224 3144 la·
1282 3081 1449 3165 proprium
1466 3081 1531 3172 luit¹
1543 3081 1692 3144 Nemesis
1708 3083 1847 3168 signum,
1866 3087 1920 3150 bic
1935 3107 2024 3150 com·
2054 3095 2057 3106 '

480 3187 915 3263 issahouoremviotoriae‚
938 3181 1224 3256 cultumdaorum,
1283 3183 1615 3260 modariFortunae,
1652 3206 1718 3247 noa
1748 3187 1934 3265 mirabitur,
1967 3193 2022 3274 qui

438 3341 443 3350 ι
482 3301 631 3382 aliaque,
671 3311 808 3376 quorum
845 3287 998 3370 exempla
1029 3286 1093 3369 jam
1126 3285 1228 3347 etiam
1283 3301 1453 3372 utramque
1477 3285 1571 3348 deam
1598 3287 1692 3350 unius
1715 3289 1788 3353 fere
1809 3289 1909 3354 luisse
1935 3305 2024 3355 natu·

481 3406 515 3464 in
532 3404 579 3464 M.
595 3395 732 3458 Aurelio
748 3407 781 3456 et
794 3393 833 3454 t..
847 3395 955 3466 Vero,
978 3388 1012 3448 in
1030 3385 1150 3452 familia
1168 3385 1224 3448 Sc·
1282 3409 1339 3452 rae
1362 3389 1503 3452 babitsm
1524 3389 1625 3451 novit.
1659 3389 1757 3468 Vide,
1780 3411 1863 3478 quae
1885 3391 2024 3455 diximu,

361 3509 363 3516 ⁴
479 3500 570 3577 seri,
599 3497 736 3580 aliisque
760 3493 919 3567 vidimus,
950 3509 1066 3556 verum
1092 3510 1154 3572 qqa
1176 3511 1227 3552 ra·
1283 3489 1423 3575 aubia),
1446 3503 1480 3555 ot
1503 3487 1649 3556 dicemus
1670 3493 1928 3562 iniraianumis
1952 3493 2023 3558 Gal.

481 3604 572 3668 tione
590 3599 696 3684 potuit
714 3595 779 3658 dici
796 3594 1021 3658 Diocletianus
1043 3591 1171 3656 senisse
1192 3590 1226 3650 iu
1284 3593 1479 3656 Maximiani.

482 3704 644 3776 Africam,
673 3701 729 3784 qui
752 3719 794 3761 so
817 3691 935 3782 podem
958 3715 1121 3778 uunquam
1143 3693 1225 3755 intu·
1354 3693 1363 3718 “
1552 3718 1576 3777 ·,
1639 3696 1660 3737 *
1744 3685 1783 3778 *t

399 3839 402 3848 ·
483 3807 542 3870 lit?
571 3801 784 3867 Paccianibus
808 3821 843 3864 se
868 3799 1002 3882 expedit
1022 3797 1228 3872 Vaillaatius‚
1426 3798 1546 3857 Action
1568 3801 1673 3858 varia.

484 3907 687 3992 promiscua,
709 3903 773 3978 ait,
797 3919 870 3966 esse
892 3899 1088 3964 emblemata
1108 3899 1226 3962 boram
1283 3894 1433 3957 GENIO.
1447 3894 1620 3964 POPVLI.
1633 3895 1818 3963 Roaiam.
1842 3903 1964 3964 Genius
1982 3909 2026 3964 oi.

484 4013 720 4094 imperatorum
744 4006 797 4066 vel
820 4007 863 4068 ob
889 4017 1032 4066 mutuam
1057 3999 1229 4065 concordi·
1285 4001 1359 4062 ra'la's
1374 4003 1480 4062 nodos
1496 4017 1567 4058 com
1587 4004 1693 4064 naodto
1709 4023 1806 4083 mara
1823 4013 1922 4083 capot
1938 4013 2028 4066 atum

485 4135 553 4190 sm,
574 4112 626 4174 vel
642 4109 718 4192 quia
730 4107 777 4170 sic
793 4105 981 4170 monetariis
997 4103 1168 4170 videbatur
1182 4099 1227 4183 b).
1286 4104 1316 4165 d.
1331 4093 1495 4178 pulcram,
1517 4121 1543 4164 a.
1563 4107 1783 4184 commenias.
1804 4103 1876 4166 att.
1897 4103 1937 4165 11.

485 4217 560 4279 Nou
584 4213 741 4296 impugno
768 4208 832 4270 hoc
855 4208 917 4272 riri
933 4205 1130 4303 praestantis
1147 4203 1231 4288 judi·
1349 4200 1441 4262 Nihil
1462 4200 1512 4264 bis
1529 4201 1636 4265 numia
1652 4203 1835 4287 imperante
1853 4201 2029 4270 Diocletia.

486 4317 589 4393 cium,
620 4309 771 4397 quoniam
798 4329 919 4372 revera
946 4327 1135 4370 communes
1163 4327 1231 4370 om·
1287 4321 1330 4364 uo
1350 4303 1462 4366 tritum
1485 4309 1596 4388 nagia.
1627 4313 1763 4372 orntum
1780 4315 1895 4390 populi
1916 4315 2031 4376 Romn-

489 4419 584 4484 nibus
611 4415 805 4498 frequenter
830 4409 927 4473 fuere
953 4423 1062 4493 partes
1085 4428 1230 4486 aversae,
1287 4409 1323 4468 ni
1348 4405 1413 4485 jam
1441 4427 1542 4488 sasps
1566 4407 1601 4468 in
1632 4425 1779 4488 moneta,
1809 4425 1843 4474 et
1866 4415 1957 4476 varie
1979 4413 2029 4496 pi.

489 4535 526 4586 ut
551 4517 706 4584 contiuuo
730 4513 842 4580 sidera
868 4510 997 4590 licebit,
1018 4524 1051 4574 at
1071 4524 1137 4574 tum
1156 4529 1232 4593 pro·
1287 4521 1374 4573 ctum
1397 4507 1555 4590 vidimus,
1577 4525 1613 4574 ut
1637 4511 1672 4574 ia
1694 4513 1802 4576 nuruis
1825 4513 1933 4596 gentis
1952 4511 2030 4576 Cor·

527 4733 558 4804 a)
576 4733 646 4808 Psg.
665 4739 709 4796 57.
731 4735 790 4784 uot.
810 4736 837 4790 3.
938 4719 973 4792 b)
992 4718 1077 4776 Num.
1097 4729 1205 4796 praest
1225 4717 1258 4774 Τ.
1279 4716 1330 4775 111.
1349 4737 1381 4794 p.
1400 4721 1446 4782 62.
1548 4721 1577 4792 c)
1596 4717 1664 4782 Vol.
1683 4717 1718 4778 11.
1739 4739 1769 4796 p.
1788 4729 1852 4786 552.

618 5077 628 5114 Ι
