4404 5564
463 573 498 620 γι
566 520 568 530 ’
911 553 1175 629 nortem
1206 551 1550 628 erucarum

467 734 561 813 1268
584 749 701 826 usque
721 725 769 802 ad
789 725 967 806 Autem
991 727 1172 825 poeticam
1194 743 1232 799 et
1252 725 1472 799 rhetoricam
1491 718 1713 799 tradendam
1731 721 1913 825 suscepit,
1956 751 2006 800 eo

467 863 614 962 quidem
631 837 827 960 profectu,
855 877 895 930 ut
913 860 1008 929 inter
1034 859 1232 956 discipulos
1250 860 1464 933 exsisterent
1481 857 1711 958 complures,
1735 859 1798 956 qui
1816 876 1947 959 postea
1964 859 2007 932 in

464 995 654 1069 literatura
675 992 886 1091 germanica
906 1008 1134 1090 praestantes
1157 994 1353 1092 scriptores
1375 994 1579 1067 inclaruere
1590 1021 1601 1087 3
1629 1019 1827 1091 equorum
1850 1019 2005 1068 numero

465 1131 659 1202 Ioannes
681 1130 803 1227 Bapt.
817 1126 1055 1224 Alainger‚
1082 1103 1191 1227 polita
1211 1121 1390 1225 egreglus,
1415 1127 1497 1216 luit,
1525 1128 1602 1226 qui,
1628 1145 1670 1200 ut
1691 1099 1864 1226 magistro
1880 1127 2005 1228 impri-

466 1262 668 1350 miscarus,
693 1261 745 1334 ita
761 1261 965 1359 gratissimo
985 1261 1106 1334 aniruo
1121 1287 1264 1360 semper
1282 1262 1316 1333 ei
1336 1261 1524 1334 devinctus
1543 1229 1632 1350 erat,
1658 1263 1796 1360 quippe
1815 1229 1880 1360 qui
1899 1263 2004 1360 inge·

464 1420 539 1468 nue
555 1396 753 1484 fateretur,
780 1395 961 1495 quidquid
982 1397 1108 1469 virium
1130 1396 1168 1466 in
1185 1421 1226 1470 se
1249 1412 1367 1494 esset,
1392 1396 1557 1496 quidque
1577 1396 1616 1466 in
1636 1395 1750 1467 literis
1771 1395 2004 1494 profecisset,

463 1529 504 1605 id
535 1530 685 1604 omniuo
714 1504 1040 1628 deberimagistro
1073 1557 1141 1604 suo
1174 1529 1384 1603 doctissimo
1415 1530 1610 1630 eidemque
1636 1529 1909 1602 humanissimo.
1944 1531 2003 1603 Eo

465 1664 642 1762 temporis
668 1665 786 1762 spatio
807 1663 947 1736 Echhcl
972 1643 1167 1764 compluta
1188 1690 1301 1762 opera
1328 1663 1367 1735 in
1396 1662 1515 1734 lucem
1549 1661 1686 1752 edidit,
1711 1664 1845 1762 quibus
1865 1687 2001 1736 nomeu

463 1798 622 1872 suumin
641 1797 831 1896 republica
855 1797 1014 1870 literaria
1036 1798 1149 1895 magis
1167 1797 1355 1894 magisque
1368 1795 1805 1897 inclarescebst.·Quippe
1820 1797 1892 1870 An.
1907 1803 1999 1880 1168

463 1931 682 2032 perelegans
716 1911 861 2004 carmen
887 1927 922 2027 ³)
952 1932 990 2002 in
1019 1931 1155 2004 abitum
1181 1931 1317 2003 Mariae
1338 1929 1554 2019 Carolinae,
1586 1931 1852 2006 serenissimae
1871 1930 2003 2004 Archi·

464 2065 568 2166 ducis
587 2065 775 2152 Austriae,
801 2064 927 2163 lingua
949 2064 1144 2152 ¹vernacula
1171 2064 1356 2152 condidit,
1383 2041 1421 2136 et
1450 2065 1595 2137 duobus
1624 2064 1730 2136 annis
1757 2081 1842 2162 post
1868 2064 2004 2136 oratio·

419 2299 422 2306 Ι
462 2223 547 2272 nem
574 2197 808 2296 eloquentiae
832 2198 977 2296 plenam
999 2200 1046 2272 de
1071 2199 1264 2271 itineribus
1290 2198 1494 2298 aJosepho
1513 2201 1556 2270 ll.
1580 2223 1648 2296 per
1669 2197 1807 2270 Italiam
1830 2197 2004 2272 institutis

462 2333 502 2405 in
532 2332 652 2406 lucem
681 2331 832 2430 protulit
860 2329 911 2430 l¹).
957 2334 1096 2406 Eodem
1126 2350 1292 2431 tempore
1326 2349 1364 2403 et
1392 2332 1690 2405 commentarium
1717 2333 2003 2406 Grammaticum

457 2451 499 2538 'in
521 2466 734 2566 prophetias
750 2467 867 2563 Hagei
886 2467 1095 2566 publicarit.
1133 2468 1236 2567 Quae
1257 2483 1381 2538 tamen
1401 2465 1520 2536 studia
1541 2463 1652 2561 longe
1674 2465 1792 2538 aliena
1822 2483 1928 2538 erant
1955 2466 2002 2540 ab

333 2688 336 2694 ¹
431 2599 527 2700 ‚53⁸³
565 2600 699 2696 quibus
729 2617 878 2696 postero
914 2618 1083 2706 tempore
1118 2600 1276 2672 nominis
1315 2597 1620 2670 immortalitatem
1649 2616 1900 2696 consequutus
1934 2617 2002 2688 est,

464 2732 593 2804 studiis
617 2731 759 2804 scilicet
777 2732 831 2802 rei
850 2735 1059 2822 numeriae,
1086 2735 1190 2832 cujus
1221 2750 1258 2805 et
1282 2757 1366 2806 vera
1394 2731 1575 2832 principia
1595 2713 1743 2832 ‘primus
1772 2733 1939 2832 aperuit,
1965 2750 2003 2806 ct

465 2855 641 2964 terminos
666 2863 777 2966 longe
806 2867 995 2964 promovit.
1032 2871 1086 2940 Ea
1109 2867 1228 2938 studia
1250 2863 1391 2937 Echhel
1415 2883 1504 2938 tunc
1532 2867 1707 2964 temporis
1732 2866 1919 2966 amplexus
1946 2884 2004 2940 est

373 3018 374 3031 ¹
467 3015 717 3085 tantoamore,
743 3014 784 3069 ut
805 2999 984 3097 quidquid
1006 3001 1070 3072 otii
1088 3027 1109 3072 a
1127 3000 1285 3098 negotiis
1303 2996 1531 3072 scholasticis
1546 3018 1776 3098 superesset,
1801 3001 1856 3072 rei
1875 3027 2002 3074 numa·

464 3131 540 3205 riae
561 3131 763 3205 renueret.
789 3136 918 3230 ltaque
937 3133 1037 3206 brevi
1054 3151 1193 3205 tantum
1209 3131 1387 3232 profecit,
1413 3149 1454 3203 ut
1470 3135 1540 3206 An.
1559 3151 1665 3221 mo,
1691 3134 1835 3206 solenni
1856 3134 2001 3232 profes·

463 3265 568 3340 sione
587 3293 656 3339 sua·
675 3267 806 3339 Ordini
821 3267 1035 3340 lesuitarum
1054 3266 1238 3353 addictus,
1276 3292 1364 3365 prae
1387 3265 1519 3338 ceteris
1548 3265 1698 3340 habitus
1723 3265 1833 3340 fuerit
1855 3269 1999 3366 dignus,

357 3463 362 3474 ,
462 3401 528 3503 qui
545 3401 681 3476 celebri
700 3401 858 3490 Ilhellio‚
880 3401 1053 3503 magistro
1074 3427 1153 3488 suo,
1180 3401 1276 3473 circa
1301 3401 1372 3472 hoc
1390 3416 1533 3499 tempus
1557 3393 1747 3492 defuncto,
1776 3403 1910 3476 Custos
1932 3429 2001 3475 nu·

461 3561 601 3610 morum
620 3536 657 3607 in
677 3535 854 3618 societate
877 3537 1093 3608 exstantium
1113 3537 1339 3611 succederet.

556 3673 613 3757 Is,
640 3691 721 3742 cum
745 3686 843 3742 totus
860 3670 1153 3768 Archaeologiae
1173 3671 1303 3742 studiis
1325 3669 1489 3757 deditus,
1514 3696 1556 3744 ac
1576 3669 1614 3741 iu
1641 3671 1741 3744 omni
1767 3695 1905 3768 genere
1927 3668 2000 3744 dis·

459 3804 695 3905 ciplinarum,
722 3829 817 3900 quae
837 3804 995 3875 adhaec
1017 3805 1136 3876 studia
1160 3830 1225 3876 sua
1247 3803 1370 3876 facere
1398 3805 1627 3892 viderentur,
1653 3804 1817 3904 apprime
1836 3821 2001 3878 versatus

459 3956 577 4026 essct,
603 3937 814 4011 incredibili
833 3938 1033 4037 cupiditate
1053 3938 1319 4011 incendebatur
1336 3937 1461 4010 Italiac
1480 3937 1651 4011 visendae
1671 3957 1823 4038 propter
1838 3963 2001 4012 summos

458 4041 685 4168 antiquitatis
705 4073 897 4146 thesauros
920 4073 974 4145 ibi
993 4075 1215 4146 reconditos.
1252 4075 1407 4144 Domum
1426 4074 1496 4144 An.
1514 4089 1627 4161 two,
1648 4090 1843 4173 postquam
1868 4074 1907 4146 id
1934 4073 2000 4147 oh·

457 4203 645 4294 tinuisset,
669 4225 710 4278 ut
728 4209 880 4278 Romam
896 4208 1110 4296 mitteretur,
1136 4205 1326 4306 profectus
1346 4224 1402 4278 est
1428 4208 1750 4305 menseAugusto,
1777 4226 1815 4281 et
1840 4208 1879 4279 in
1905 4207 1998 4282 cles·

456 4340 531 4415 sica
559 4359 654 4414 terra
671 4341 797 4414 Italiac
818 4368 894 4412 non
919 4358 1059 4414 tantum
1080 4341 1287 4415 eruditione
1307 4365 1373 4413 sua
1394 4339 1512 4440 ampla
1533 4358 1569 4413 et
1594 4341 1711 4415 solida
1737 4325 1925 4415 maximam
1943 4341 2000 4414 sui

458 4477 759 4550 existimationem
778 4475 958 4565 excitavit,
976 4477 1041 4549 sed
1060 4492 1097 4549 et
1115 4476 1277 4573 ingenuo
1293 4473 1526 4573 candidoque
1548 4476 1670 4548 animo
1683 4475 1793 4550 facile
1815 4472 1887 4549 sibi
1910 4500 1999 4550 con·

492 4736 674 4811 a),Gedicht
693 4741 748 4796 arri
764 4739 813 4796 die
831 4739 956 4796 Abreise
976 4739 998 4796 I.
1015 4739 1050 4796 K.
1066 4737 1102 4796 Η.
1119 4737 1231 4796 Marica
1249 4737 1439 4808 Charlolleu,
1464 4739 1686 4816 Erzhcrzoginn
1709 4757 1770 4800 von
1794 4702 1996 4798 oesterreirh.

543 4834 642 4901 wien,
660 4837 729 4897 ¹768
744 4837 776 4891 iu
789 4845 848 4898 8¹¹⁰.

490 4929 523 5004 b)
541 4927 626 4987 Rcde
641 4931 695 4988 aus
706 4929 755 4988 die
769 4929 856 4989 Reiss
868 4931 995 5008 Josephs
1009 4927 1046 4992 ll.
1062 4931 1092 4990 in
1107 4931 1220 4992 ltalieu.
1246 4931 1335 4990 Wieu
1350 4943 1435 5000 1220,
1455 4929 1484 4988 in
1499 4937 1557 4994 dw-
