<?xml version="1.0" encoding="UTF-8"?>
<!DOCTYPE html PUBLIC "-//W3C//DTD XHTML 1.0 Transitional//EN"
    "http://www.w3.org/TR/xhtml1/DTD/xhtml1-transitional.dtd">
<html xmlns="http://www.w3.org/1999/xhtml" xml:lang="en" lang="en">
 <head>
  <title>
</title>
<meta http-equiv="Content-Type" content="text/html;charset=utf-8" />
  <meta name='ocr-system' content='tesseract 3.04.00' />
  <meta name='ocr-capabilities' content='ocr_page ocr_carea ocr_par ocr_line ocrx_word'/>
</head>
<body>
  <div class='ocr_page' id='page_1' title='image "./doctrinanvmorvm06grangoog/doctrinanvmorvm06grangoog_0370.png"; bbox 0 0 4482 5560; ppageno 0'>
   <div class='ocr_carea' id='block_1_1' title="bbox 727 375 1796 500">
    <p class='ocr_par' dir='ltr' id='par_1_1' title="bbox 727 375 1796 500">
     <span class='ocr_line' id='line_1_1' title="bbox 727 375 1796 500; baseline 0.009 -12"><span class='ocrx_word' id='word_1_1' title='bbox 727 409 805 488; x_wconf 80' lang='lat' dir='ltr'><strong>nn</strong></span> <span class='ocrx_word' id='word_1_2' title='bbox 841 411 1042 490; x_wconf 78' lang='lat' dir='ltr'><strong>ovntv</strong></span> <span class='ocrx_word' id='word_1_3' title='bbox 1075 413 1334 498; x_wconf 71' lang='lat' dir='ltr'><strong>cantum.</strong></span> <span class='ocrx_word' id='word_1_4' title='bbox 1518 375 1522 382; x_wconf 72' lang='grc'><strong>’</strong></span> <span class='ocrx_word' id='word_1_5' title='bbox 1726 421 1796 500; x_wconf 77' lang='lat' dir='ltr'><strong>sor</strong></span> 
     </span>
    </p>
   </div>
   <div class='ocr_carea' id='block_1_2' title="bbox 253 593 1803 1198">
    <p class='ocr_par' dir='ltr' id='par_1_2' title="bbox 253 593 1803 1198">
     <span class='ocr_line' id='line_1_2' title="bbox 253 593 1801 684; baseline -0.001 -16"><span class='ocrx_word' id='word_1_6' title='bbox 253 601 380 678; x_wconf 76' lang='lat' dir='ltr'><strong>onos,</strong></span> <span class='ocrx_word' id='word_1_7' title='bbox 416 611 455 666; x_wconf 88' lang='lat' dir='ltr'><strong>st</strong></span> <span class='ocrx_word' id='word_1_8' title='bbox 490 597 668 664; x_wconf 72' lang='lat' dir='ltr'><strong>multarum</strong></span> <span class='ocrx_word' id='word_1_9' title='bbox 699 613 815 660; x_wconf 78' lang='lat' dir='ltr'><strong>renuas</strong></span> <span class='ocrx_word' id='word_1_10' title='bbox 850 593 998 676; x_wconf 77' lang='lat' dir='ltr'><strong>aliarum,</strong></span> <span class='ocrx_word' id='word_1_11' title='bbox 1044 617 1120 684; x_wconf 74' lang='lat' dir='ltr'><strong>qne</strong></span> <span class='ocrx_word' id='word_1_12' title='bbox 1142 599 1292 665; x_wconf 80' lang='lat' dir='ltr'><strong>omnibus</strong></span> <span class='ocrx_word' id='word_1_13' title='bbox 1319 595 1426 664; x_wconf 88' lang='lat' dir='ltr'><strong>titulis</strong></span> <span class='ocrx_word' id='word_1_14' title='bbox 1453 595 1579 663; x_wconf 68' lang='lat' dir='ltr'><strong>curati</strong></span> <span class='ocrx_word' id='word_1_15' title='bbox 1598 596 1631 660; x_wconf 83' lang='lat' dir='ltr'><strong>ia</strong></span> <span class='ocrx_word' id='word_1_16' title='bbox 1653 596 1801 666; x_wconf 80' lang='lat' dir='ltr'><strong>lauream</strong></span> 
     </span>
     <span class='ocr_line' id='line_1_3' title="bbox 254 695 1801 800; baseline 0 -34"><span class='ocrx_word' id='word_1_17' title='bbox 254 724 317 790; x_wconf 69' lang='lat' dir='ltr'><strong>pro</strong></span> <span class='ocrx_word' id='word_1_18' title='bbox 349 703 438 770; x_wconf 80' lang='lat' dir='ltr'><strong>saris</strong></span> <span class='ocrx_word' id='word_1_19' title='bbox 475 713 582 766; x_wconf 82' lang='lat' dir='ltr'><strong>aetate</strong></span> <span class='ocrx_word' id='word_1_20' title='bbox 618 697 707 764; x_wconf 76' lang='lat' dir='ltr'><strong>aaut</strong></span> <span class='ocrx_word' id='word_1_21' title='bbox 741 695 841 762; x_wconf 78' lang='lat' dir='ltr'><strong>dubis</strong></span> <span class='ocrx_word' id='word_1_22' title='bbox 870 695 1000 764; x_wconf 79' lang='lat' dir='ltr'><strong>lissrss</strong></span> <span class='ocrx_word' id='word_1_23' title='bbox 1053 697 1130 782; x_wconf 73' lang='lat' dir='ltr'><strong>jus?</strong></span> <span class='ocrx_word' id='word_1_24' title='bbox 1162 701 1291 800; x_wconf 80' lang='lat' dir='ltr'><strong>Quibus</strong></span> <span class='ocrx_word' id='word_1_25' title='bbox 1310 721 1353 766; x_wconf 86' lang='lat' dir='ltr'><strong>ss</strong></span> <span class='ocrx_word' id='word_1_26' title='bbox 1375 704 1479 766; x_wconf 90' lang='lat' dir='ltr'><strong>causis</strong></span> <span class='ocrx_word' id='word_1_27' title='bbox 1503 701 1639 766; x_wconf 75' lang='lat' dir='ltr'><strong>evidens</strong></span> <span class='ocrx_word' id='word_1_28' title='bbox 1660 715 1711 766; x_wconf 84' lang='lat' dir='ltr'><strong>ess</strong></span> <span class='ocrx_word' id='word_1_29' title='bbox 1732 702 1801 766; x_wconf 89' lang='lat' dir='ltr'><strong>lsu·</strong></span> 
     </span>
     <span class='ocr_line' id='line_1_4' title="bbox 253 797 1801 888; baseline 0 -18"><span class='ocrx_word' id='word_1_30' title='bbox 253 805 327 870; x_wconf 60' lang='lat' dir='ltr'><strong>bit.</strong></span> <span class='ocrx_word' id='word_1_31' title='bbox 367 807 420 872; x_wconf 85' lang='lat' dir='ltr'><strong>Es</strong></span> <span class='ocrx_word' id='word_1_32' title='bbox 431 803 574 888; x_wconf 83' lang='lat' dir='ltr'><strong>primum</strong></span> <span class='ocrx_word' id='word_1_33' title='bbox 587 803 613 865; x_wconf 91' lang='lat'><strong>1.</strong></span> <span class='ocrx_word' id='word_1_34' title='bbox 629 799 777 880; x_wconf 82' lang='lat' dir='ltr'><strong>Caesari,</strong></span> <span class='ocrx_word' id='word_1_35' title='bbox 799 797 920 864; x_wconf 77' lang='lat' dir='ltr'><strong>deinde</strong></span> <span class='ocrx_word' id='word_1_36' title='bbox 935 798 1001 864; x_wconf 87' lang='lat' dir='ltr'><strong>Oo-</strong></span> <span class='ocrx_word' id='word_1_37' title='bbox 1055 819 1147 866; x_wconf 83' lang='lat' dir='ltr'><strong>ream</strong></span> <span class='ocrx_word' id='word_1_38' title='bbox 1175 817 1243 865; x_wconf 84' lang='lat' dir='ltr'><strong>tuus</strong></span> <span class='ocrx_word' id='word_1_39' title='bbox 1272 803 1378 868; x_wconf 84' lang='lat' dir='ltr'><strong>sdltuo</strong></span> <span class='ocrx_word' id='word_1_40' title='bbox 1413 823 1603 887; x_wconf 80' lang='lat' dir='ltr'><strong>supremum</strong></span> <span class='ocrx_word' id='word_1_41' title='bbox 1635 803 1801 888; x_wconf 72' lang='lat' dir='ltr'><strong>fastigium</strong></span> 
     </span>
     <span class='ocr_line' id='line_1_5' title="bbox 254 899 1803 999; baseline -0.003 -25"><span class='ocrx_word' id='word_1_42' title='bbox 254 909 384 974; x_wconf 75' lang='lat' dir='ltr'><strong>uriaco</strong></span> <span class='ocrx_word' id='word_1_43' title='bbox 418 905 553 976; x_wconf 83' lang='lat' dir='ltr'><strong>decreta</strong></span> <span class='ocrx_word' id='word_1_44' title='bbox 587 906 621 968; x_wconf 90' lang='lat' dir='ltr'><strong>in</strong></span> <span class='ocrx_word' id='word_1_45' title='bbox 654 916 747 988; x_wconf 85' lang='lat' dir='ltr'><strong>parte</strong></span> <span class='ocrx_word' id='word_1_46' title='bbox 780 915 903 971; x_wconf 81' lang='lat' dir='ltr'><strong>tsntum</strong></span> <span class='ocrx_word' id='word_1_47' title='bbox 937 899 1001 964; x_wconf 78' lang='lat' dir='ltr'><strong>tais</strong></span> <span class='ocrx_word' id='word_1_48' title='bbox 1054 923 1123 968; x_wconf 78' lang='lat' dir='ltr'><strong>asu</strong></span> <span class='ocrx_word' id='word_1_49' title='bbox 1144 903 1352 988; x_wconf 70' lang='lat' dir='ltr'><strong>significasse.</strong></span> <span class='ocrx_word' id='word_1_50' title='bbox 1397 903 1484 999; x_wconf 80' lang='lat' dir='ltr'><strong>Quiri</strong></span> <span class='ocrx_word' id='word_1_51' title='bbox 1506 904 1634 990; x_wconf 81' lang='lat' dir='ltr'><strong>igitur?</strong></span> <span class='ocrx_word' id='word_1_52' title='bbox 1655 927 1695 970; x_wconf 88' lang='lat' dir='ltr'><strong>au</strong></span> <span class='ocrx_word' id='word_1_53' title='bbox 1717 905 1803 970; x_wconf 83' lang='lat' dir='ltr'><strong>arbi-</strong></span> 
     </span>
     <span class='ocr_line' id='line_1_6' title="bbox 254 1002 1801 1096; baseline 0 -22"><span class='ocrx_word' id='word_1_54' title='bbox 254 1011 438 1086; x_wconf 76' lang='lat' dir='ltr'><strong>tonorum,</strong></span> <span class='ocrx_word' id='word_1_55' title='bbox 476 1028 563 1094; x_wconf 88' lang='lat' dir='ltr'><strong>quos</strong></span> <span class='ocrx_word' id='word_1_56' title='bbox 589 1006 734 1070; x_wconf 78' lang='lat' dir='ltr'><strong>slulatio</strong></span> <span class='ocrx_word' id='word_1_57' title='bbox 761 1002 795 1066; x_wconf 86' lang='lat' dir='ltr'><strong>iu</strong></span> <span class='ocrx_word' id='word_1_58' title='bbox 825 1019 999 1088; x_wconf 82' lang='lat' dir='ltr'><strong>utromque</strong></span> <span class='ocrx_word' id='word_1_59' title='bbox 1057 1002 1191 1070; x_wconf 80' lang='lat' dir='ltr'><strong>tranium</strong></span> <span class='ocrx_word' id='word_1_60' title='bbox 1213 1006 1275 1072; x_wconf 81' lang='lat' dir='ltr'><strong>luit</strong></span> <span class='ocrx_word' id='word_1_61' title='bbox 1295 1008 1448 1092; x_wconf 80' lang='lat' dir='ltr'><strong>siguum?</strong></span> <span class='ocrx_word' id='word_1_62' title='bbox 1470 1011 1681 1096; x_wconf 73' lang='lat' dir='ltr'><strong>Nequaquam</strong></span> <span class='ocrx_word' id='word_1_63' title='bbox 1703 1008 1801 1074; x_wconf 82' lang='lat' dir='ltr'><strong>istusl.</strong></span> 
     </span>
     <span class='ocr_line' id='line_1_7' title="bbox 254 1106 1801 1198; baseline 0 -23"><span class='ocrx_word' id='word_1_64' title='bbox 254 1135 297 1180; x_wconf 80' lang='lat' dir='ltr'><strong>ex</strong></span> <span class='ocrx_word' id='word_1_65' title='bbox 319 1113 486 1198; x_wconf 80' lang='lat' dir='ltr'><strong>locuplete</strong></span> <span class='ocrx_word' id='word_1_66' title='bbox 508 1127 568 1172; x_wconf 90' lang='lat' dir='ltr'><strong>suo</strong></span> <span class='ocrx_word' id='word_1_67' title='bbox 597 1128 702 1172; x_wconf 86' lang='lat' dir='ltr'><strong>cornu</strong></span> <span class='ocrx_word' id='word_1_68' title='bbox 722 1106 906 1172; x_wconf 70' lang='lat' dir='ltr'><strong>liberaliter</strong></span> <span class='ocrx_word' id='word_1_69' title='bbox 924 1127 1000 1192; x_wconf 84' lang='lat' dir='ltr'><strong>pro·</strong></span> <span class='ocrx_word' id='word_1_70' title='bbox 1055 1109 1138 1172; x_wconf 78' lang='lat' dir='ltr'><strong>llana</strong></span> <span class='ocrx_word' id='word_1_71' title='bbox 1163 1108 1290 1186; x_wconf 72' lang='lat' dir='ltr'><strong>vitas„</strong></span> <span class='ocrx_word' id='word_1_72' title='bbox 1307 1108 1439 1174; x_wconf 73' lang='lat' dir='ltr'><strong>laureae</strong></span> <span class='ocrx_word' id='word_1_73' title='bbox 1467 1109 1627 1174; x_wconf 85' lang='lat' dir='ltr'><strong>laouorem</strong></span> <span class='ocrx_word' id='word_1_74' title='bbox 1654 1112 1801 1195; x_wconf 79' lang='lat' dir='ltr'><strong>potuisse</strong></span> 
     </span>
    </p>
   </div>
   <div class='ocr_carea' id='block_1_3' title="bbox 253 1207 1903 1302">
    <p class='ocr_par' dir='ltr' id='par_1_3' title="bbox 253 1207 1903 1302">
     <span class='ocr_line' id='line_1_8' title="bbox 253 1207 1903 1302; baseline -0.003 -25"><span class='ocrx_word' id='word_1_75' title='bbox 253 1211 360 1294; x_wconf 73' lang='lat' dir='ltr'><strong>ludit,</strong></span> <span class='ocrx_word' id='word_1_76' title='bbox 394 1213 471 1300; x_wconf 85' lang='lat' dir='ltr'><strong>quin</strong></span> <span class='ocrx_word' id='word_1_77' title='bbox 501 1223 610 1276; x_wconf 87' lang='lat' dir='ltr'><strong>tsmcn</strong></span> <span class='ocrx_word' id='word_1_78' title='bbox 642 1209 689 1274; x_wconf 90' lang='lat' dir='ltr'><strong>sio</strong></span> <span class='ocrx_word' id='word_1_79' title='bbox 722 1207 844 1274; x_wconf 87' lang='lat' dir='ltr'><strong>oollsta</strong></span> <span class='ocrx_word' id='word_1_80' title='bbox 874 1223 999 1274; x_wconf 71' lang='lat' dir='ltr'><strong>certa·</strong></span> <span class='ocrx_word' id='word_1_81' title='bbox 1056 1207 1205 1274; x_wconf 82' lang='lat' dir='ltr'><strong>eoulerri</strong></span> <span class='ocrx_word' id='word_1_82' title='bbox 1224 1225 1359 1298; x_wconf 74' lang='lat' dir='ltr'><strong>propter</strong></span> <span class='ocrx_word' id='word_1_83' title='bbox 1385 1209 1495 1281; x_wconf 83' lang='lat' dir='ltr'><strong>resin</strong></span> <span class='ocrx_word' id='word_1_84' title='bbox 1518 1211 1610 1276; x_wconf 87' lang='lat' dir='ltr'><strong>bello</strong></span> <span class='ocrx_word' id='word_1_85' title='bbox 1629 1211 1821 1302; x_wconf 70' lang='lat' dir='ltr'><strong>praeclaro</strong></span> <span class='ocrx_word' id='word_1_86' title='bbox 1894 1259 1903 1272; x_wconf 98' lang='lat'><strong>.</strong></span> 
     </span>
    </p>
   </div>
   <div class='ocr_carea' id='block_1_4' title="bbox 254 1311 1803 1402">
    <p class='ocr_par' dir='ltr' id='par_1_4' title="bbox 254 1311 1803 1402">
     <span class='ocr_line' id='line_1_9' title="bbox 254 1311 1803 1402; baseline 0 -22"><span class='ocrx_word' id='word_1_87' title='bbox 254 1313 415 1402; x_wconf 75' lang='lat' dir='ltr'><strong>quandam</strong></span> <span class='ocrx_word' id='word_1_88' title='bbox 433 1312 619 1380; x_wconf 75' lang='lat' dir='ltr'><strong>contineret</strong></span> <span class='ocrx_word' id='word_1_89' title='bbox 637 1311 824 1396; x_wconf 80' lang='lat' dir='ltr'><strong>dignitatis,</strong></span> <span class='ocrx_word' id='word_1_90' title='bbox 844 1311 899 1375; x_wconf 81' lang='lat' dir='ltr'><strong>rsl</strong></span> <span class='ocrx_word' id='word_1_91' title='bbox 922 1311 999 1374; x_wconf 86' lang='lat' dir='ltr'><strong>emi·</strong></span> <span class='ocrx_word' id='word_1_92' title='bbox 1056 1324 1181 1395; x_wconf 84' lang='lat' dir='ltr'><strong>gestas,</strong></span> <span class='ocrx_word' id='word_1_93' title='bbox 1201 1313 1292 1395; x_wconf 81' lang='lat' dir='ltr'><strong>cujus</strong></span> <span class='ocrx_word' id='word_1_94' title='bbox 1314 1311 1370 1376; x_wconf 89' lang='lat' dir='ltr'><strong>illa</strong></span> <span class='ocrx_word' id='word_1_95' title='bbox 1392 1311 1502 1376; x_wconf 83' lang='lat' dir='ltr'><strong>lauslia</strong></span> <span class='ocrx_word' id='word_1_96' title='bbox 1518 1314 1646 1399; x_wconf 84' lang='lat' dir='ltr'><strong>insigne</strong></span> <span class='ocrx_word' id='word_1_97' title='bbox 1668 1335 1803 1400; x_wconf 80' lang='lat' dir='ltr'><strong>semper</strong></span> 
     </span>
    </p>
   </div>
   <div class='ocr_carea' id='block_1_5' title="bbox 140 1411 1983 1494">
    <p class='ocr_par' dir='ltr' id='par_1_5' title="bbox 140 1411 1983 1494">
     <span class='ocr_line' id='line_1_10' title="bbox 140 1411 1983 1494; baseline -0.001 -12"><span class='ocrx_word' id='word_1_98' title='bbox 140 1475 148 1490; x_wconf 85' lang='grc'>,</span> <span class='ocrx_word' id='word_1_99' title='bbox 254 1417 390 1484; x_wconf 83' lang='lat' dir='ltr'><strong>sentiss</strong></span> <span class='ocrx_word' id='word_1_100' title='bbox 416 1417 600 1482; x_wconf 84' lang='lat' dir='ltr'><strong>notionem.</strong></span> <span class='ocrx_word' id='word_1_101' title='bbox 639 1415 705 1477; x_wconf 87' lang='lat' dir='ltr'><strong>lam</strong></span> <span class='ocrx_word' id='word_1_102' title='bbox 743 1431 826 1478; x_wconf 80' lang='lat' dir='ltr'><strong>sero</strong></span> <span class='ocrx_word' id='word_1_103' title='bbox 862 1425 999 1491; x_wconf 84' lang='lat' dir='ltr'><strong>constat,</strong></span> <span class='ocrx_word' id='word_1_104' title='bbox 1055 1411 1129 1476; x_wconf 85' lang='lat' dir='ltr'><strong>luit.</strong></span> <span class='ocrx_word' id='word_1_105' title='bbox 1176 1415 1338 1488; x_wconf 80' lang='lat' dir='ltr'><strong>Nimirum</strong></span> <span class='ocrx_word' id='word_1_106' title='bbox 1381 1413 1530 1484; x_wconf 79' lang='lat' dir='ltr'>Victoria</span> <span class='ocrx_word' id='word_1_107' title='bbox 1568 1416 1660 1481; x_wconf 87' lang='lat' dir='ltr'><strong>illam</strong></span> <span class='ocrx_word' id='word_1_108' title='bbox 1703 1433 1802 1482; x_wconf 87' lang='lat' dir='ltr'><strong>msnu</strong></span> <span class='ocrx_word' id='word_1_109' title='bbox 1936 1479 1941 1494; x_wconf 81' lang='grc'>,</span> <span class='ocrx_word' id='word_1_110' title='bbox 1975 1455 1983 1462; x_wconf 93' lang='grc'>-</span> 
     </span>
    </p>
   </div>
   <div class='ocr_carea' id='block_1_6' title="bbox 251 1511 1828 3136">
    <p class='ocr_par' dir='ltr' id='par_1_6' title="bbox 251 1511 1828 3136">
     <span class='ocr_line' id='line_1_11' title="bbox 253 1511 1803 1606; baseline -0.004 -18"><span class='ocrx_word' id='word_1_111' title='bbox 253 1540 364 1606; x_wconf 78' lang='lat' dir='ltr'><strong>seque</strong></span> <span class='ocrx_word' id='word_1_112' title='bbox 384 1519 410 1585; x_wconf 95' lang='lat' dir='ltr'><strong>l.</strong></span> <span class='ocrx_word' id='word_1_113' title='bbox 432 1521 624 1594; x_wconf 78' lang='lat' dir='ltr'><strong>Cursorem,</strong></span> <span class='ocrx_word' id='word_1_114' title='bbox 644 1533 753 1600; x_wconf 84' lang='lat' dir='ltr'><strong>neque</strong></span> <span class='ocrx_word' id='word_1_115' title='bbox 774 1511 1001 1600; x_wconf 55' lang='lat' dir='ltr'><strong>Octavianumg</strong></span> <span class='ocrx_word' id='word_1_116' title='bbox 1055 1534 1188 1598; x_wconf 81' lang='lat' dir='ltr'><strong>semper</strong></span> <span class='ocrx_word' id='word_1_117' title='bbox 1216 1514 1381 1600; x_wconf 76' lang='lat' dir='ltr'><strong>praefert,</strong></span> <span class='ocrx_word' id='word_1_118' title='bbox 1415 1515 1578 1581; x_wconf 86' lang='lat' dir='ltr'><strong>laureatas</strong></span> <span class='ocrx_word' id='word_1_119' title='bbox 1609 1519 1726 1584; x_wconf 79' lang='lat' dir='ltr'><strong>ttrerse</strong></span> <span class='ocrx_word' id='word_1_120' title='bbox 1756 1517 1803 1582; x_wconf 82' lang='lat' dir='ltr'><strong>ri·</strong></span> 
     </span>
     <span class='ocr_line' id='line_1_12' title="bbox 253 1615 1803 1702; baseline 0 -18"><span class='ocrx_word' id='word_1_121' title='bbox 253 1619 374 1684; x_wconf 78' lang='lat' dir='ltr'><strong>deiude</strong></span> <span class='ocrx_word' id='word_1_122' title='bbox 390 1623 592 1702; x_wconf 77' lang='lat' dir='ltr'><strong>Augustum,</strong></span> <span class='ocrx_word' id='word_1_123' title='bbox 621 1617 694 1682; x_wconf 85' lang='lat' dir='ltr'><strong>aliis</strong></span> <span class='ocrx_word' id='word_1_124' title='bbox 711 1635 788 1680; x_wconf 88' lang='lat' dir='ltr'><strong>usos</strong></span> <span class='ocrx_word' id='word_1_125' title='bbox 805 1615 1001 1696; x_wconf 80' lang='lat' dir='ltr'><strong>honoribus,</strong></span> <span class='ocrx_word' id='word_1_126' title='bbox 1056 1616 1194 1682; x_wconf 88' lang='lat' dir='ltr'><strong>storiam</strong></span> <span class='ocrx_word' id='word_1_127' title='bbox 1221 1635 1354 1702; x_wconf 83' lang='lat' dir='ltr'><strong>semper</strong></span> <span class='ocrx_word' id='word_1_128' title='bbox 1379 1617 1588 1681; x_wconf 83' lang='lat' dir='ltr'><strong>nunciavere.</strong></span> <span class='ocrx_word' id='word_1_129' title='bbox 1632 1621 1698 1682; x_wconf 84' lang='lat' dir='ltr'><strong>tarn</strong></span> <span class='ocrx_word' id='word_1_130' title='bbox 1719 1639 1803 1685; x_wconf 81' lang='lat' dir='ltr'><strong>veto</strong></span> 
     </span>
     <span class='ocr_line' id='line_1_13' title="bbox 252 1716 1803 1811; baseline 0.001 -25"><span class='ocrx_word' id='word_1_131' title='bbox 252 1721 316 1786; x_wconf 86' lang='lat' dir='ltr'><strong>nisi</strong></span> <span class='ocrx_word' id='word_1_132' title='bbox 337 1721 469 1805; x_wconf 81' lang='lat' dir='ltr'><strong>publico</strong></span> <span class='ocrx_word' id='word_1_133' title='bbox 491 1717 644 1784; x_wconf 81' lang='lat' dir='ltr'><strong>decretis.</strong></span> <span class='ocrx_word' id='word_1_134' title='bbox 674 1716 799 1811; x_wconf 81' lang='lat' dir='ltr'><strong>.Qosrs</strong></span> <span class='ocrx_word' id='word_1_135' title='bbox 822 1737 930 1804; x_wconf 84' lang='lat' dir='ltr'><strong>neque</strong></span> <span class='ocrx_word' id='word_1_136' title='bbox 950 1721 998 1784; x_wconf 75' lang='lat' dir='ltr'><strong>ll.</strong></span> <span class='ocrx_word' id='word_1_137' title='bbox 1055 1729 1285 1802; x_wconf 72' lang='lat' dir='ltr'><strong>compertum,</strong></span> <span class='ocrx_word' id='word_1_138' title='bbox 1318 1717 1432 1780; x_wconf 85' lang='lat' dir='ltr'><strong>Druso</strong></span> <span class='ocrx_word' id='word_1_139' title='bbox 1461 1731 1599 1803; x_wconf 81' lang='lat' dir='ltr'><strong>propter</strong></span> <span class='ocrx_word' id='word_1_140' title='bbox 1631 1719 1803 1804; x_wconf 77' lang='lat' dir='ltr'><strong>probatem</strong></span> 
     </span>
     <span class='ocr_line' id='line_1_14' title="bbox 253 1817 1802 1908; baseline -0.002 -22"><span class='ocrx_word' id='word_1_141' title='bbox 253 1823 399 1908; x_wconf 69' lang='lat' dir='ltr'><strong>Agrippa</strong></span> <span class='ocrx_word' id='word_1_142' title='bbox 427 1822 461 1884; x_wconf 90' lang='lat' dir='ltr'><strong>in</strong></span> <span class='ocrx_word' id='word_1_143' title='bbox 489 1821 599 1886; x_wconf 86' lang='lat' dir='ltr'><strong>uumis</strong></span> <span class='ocrx_word' id='word_1_144' title='bbox 625 1822 731 1906; x_wconf 80' lang='lat' dir='ltr'><strong>capite</strong></span> <span class='ocrx_word' id='word_1_145' title='bbox 761 1833 813 1884; x_wconf 86' lang='lat' dir='ltr'><strong>est</strong></span> <span class='ocrx_word' id='word_1_146' title='bbox 840 1820 1000 1898; x_wconf 71' lang='lat' dir='ltr'><strong>laurento,</strong></span> <span class='ocrx_word' id='word_1_147' title='bbox 1053 1817 1150 1882; x_wconf 79' lang='lat' dir='ltr'><strong>hello</strong></span> <span class='ocrx_word' id='word_1_148' title='bbox 1176 1819 1330 1886; x_wconf 78' lang='lat' dir='ltr'><strong>sirtstesa</strong></span> <span class='ocrx_word' id='word_1_149' title='bbox 1357 1839 1424 1882; x_wconf 86' lang='lat' dir='ltr'><strong>uon</strong></span> <span class='ocrx_word' id='word_1_150' title='bbox 1446 1819 1547 1882; x_wconf 83' lang='lat' dir='ltr'><strong>modo.</strong></span> <span class='ocrx_word' id='word_1_151' title='bbox 1567 1819 1676 1884; x_wconf 84' lang='lat' dir='ltr'><strong>datum</strong></span> <span class='ocrx_word' id='word_1_152' title='bbox 1698 1822 1802 1906; x_wconf 57' lang='lat' dir='ltr'><strong>impe,-</strong></span> 
     </span>
     <span class='ocr_line' id='line_1_15' title="bbox 255 1919 1801 2014; baseline -0.004 -24"><span class='ocrx_word' id='word_1_153' title='bbox 255 1927 330 2014; x_wconf 86' lang='lat' dir='ltr'><strong>quiu</strong></span> <span class='ocrx_word' id='word_1_154' title='bbox 355 1928 468 1990; x_wconf 89' lang='lat' dir='ltr'><strong>lsurss</strong></span> <span class='ocrx_word' id='word_1_155' title='bbox 496 1923 547 1985; x_wconf 90' lang='lat' dir='ltr'><strong>illi</strong></span> <span class='ocrx_word' id='word_1_156' title='bbox 571 1943 735 2009; x_wconf 86' lang='lat' dir='ltr'><strong>nunquam</strong></span> <span class='ocrx_word' id='word_1_157' title='bbox 766 1920 899 1987; x_wconf 84' lang='lat' dir='ltr'><strong>decreta</strong></span> <span class='ocrx_word' id='word_1_158' title='bbox 926 1920 1001 1988; x_wconf 79' lang='lat' dir='ltr'><strong>luit.</strong></span> <span class='ocrx_word' id='word_1_159' title='bbox 1054 1919 1174 1986; x_wconf 80' lang='lat' dir='ltr'><strong>satoris</strong></span> <span class='ocrx_word' id='word_1_160' title='bbox 1202 1940 1344 1995; x_wconf 84' lang='lat' dir='ltr'><strong>nornen,</strong></span> <span class='ocrx_word' id='word_1_161' title='bbox 1377 1919 1438 1983; x_wconf 78' lang='lat' dir='ltr'><strong>sed·</strong></span> <span class='ocrx_word' id='word_1_162' title='bbox 1469 1919 1574 1983; x_wconf 78' lang='lat' dir='ltr'><strong>etiarn·</strong></span> <span class='ocrx_word' id='word_1_163' title='bbox 1596 1931 1734 1997; x_wconf 79' lang='lat' dir='ltr'><strong>statuas,</strong></span> <span class='ocrx_word' id='word_1_164' title='bbox 1766 1935 1801 1986; x_wconf 87' lang='lat' dir='ltr'><strong>ss</strong></span> 
     </span>
     <span class='ocr_line' id='line_1_16' title="bbox 253 2021 1803 2111; baseline -0.003 -19"><span class='ocrx_word' id='word_1_165' title='bbox 253 2029 307 2092; x_wconf 81' lang='lat' dir='ltr'><strong>Ex</strong></span> <span class='ocrx_word' id='word_1_166' title='bbox 335 2027 452 2094; x_wconf 80' lang='lat' dir='ltr'><strong>eadem</strong></span> <span class='ocrx_word' id='word_1_167' title='bbox 479 2045 576 2090; x_wconf 85' lang='lat' dir='ltr'><strong>esuss</strong></span> <span class='ocrx_word' id='word_1_168' title='bbox 601 2025 658 2088; x_wconf 90' lang='lat' dir='ltr'><strong>illa</strong></span> <span class='ocrx_word' id='word_1_169' title='bbox 685 2045 817 2111; x_wconf 84' lang='lat' dir='ltr'><strong>quoque</strong></span> <span class='ocrx_word' id='word_1_170' title='bbox 845 2023 999 2087; x_wconf 72' lang='lat' dir='ltr'><strong>abstinuit</strong></span> <span class='ocrx_word' id='word_1_171' title='bbox 1053 2041 1168 2088; x_wconf 64' lang='lat' dir='ltr'><strong>neum</strong></span> <span class='ocrx_word' id='word_1_172' title='bbox 1184 2021 1425 2106; x_wconf 71' lang='lat' dir='ltr'><strong>triumphalem.</strong></span> <span class='ocrx_word' id='word_1_173' title='bbox 1452 2021 1493 2086; x_wconf 81' lang='lat' dir='ltr'><strong>L.</strong></span> <span class='ocrx_word' id='word_1_174' title='bbox 1503 2022 1690 2102; x_wconf 78' lang='lat' dir='ltr'><strong>Vitellium,</strong></span> <span class='ocrx_word' id='word_1_175' title='bbox 1713 2025 1803 2108; x_wconf 84' lang='lat' dir='ltr'><strong>quod</strong></span> 
     </span>
     <span class='ocr_line' id='line_1_17' title="bbox 255 2121 1801 2214; baseline -0.006 -16"><span class='ocrx_word' id='word_1_176' title='bbox 255 2131 426 2206; x_wconf 76' lang='lat' dir='ltr'><strong>Tiberius,</strong></span> <span class='ocrx_word' id='word_1_177' title='bbox 448 2126 694 2214; x_wconf 77' lang='lat' dir='ltr'><strong>nudo‚sempes</strong></span> <span class='ocrx_word' id='word_1_178' title='bbox 720 2127 826 2209; x_wconf 77' lang='lat' dir='ltr'><strong>eapite</strong></span> <span class='ocrx_word' id='word_1_179' title='bbox 848 2126 999 2211; x_wconf 81' lang='lat' dir='ltr'><strong>proposi·</strong></span> <span class='ocrx_word' id='word_1_180' title='bbox 1056 2124 1254 2188; x_wconf 78' lang='lat' dir='ltr'><strong>Artabanum</strong></span> <span class='ocrx_word' id='word_1_181' title='bbox 1277 2125 1433 2188; x_wconf 75' lang='lat' dir='ltr'><strong>Parthum</strong></span> <span class='ocrx_word' id='word_1_182' title='bbox 1463 2121 1510 2186; x_wconf 41' lang='lat' dir='ltr'><strong>adv</strong></span> <span class='ocrx_word' id='word_1_183' title='bbox 1535 2123 1727 2212; x_wconf 85' lang='lat' dir='ltr'><strong>obsequium</strong></span> <span class='ocrx_word' id='word_1_184' title='bbox 1748 2147 1801 2190; x_wconf 87' lang='lat' dir='ltr'><strong>re·</strong></span> 
     </span>
     <span class='ocr_line' id='line_1_18' title="bbox 253 2224 1803 2318; baseline -0.001 -24"><span class='ocrx_word' id='word_1_185' title='bbox 253 2245 323 2308; x_wconf 85' lang='lat' dir='ltr'><strong>tus,</strong></span> <span class='ocrx_word' id='word_1_186' title='bbox 345 2231 498 2316; x_wconf 84' lang='lat' dir='ltr'><strong>quamdiu</strong></span> <span class='ocrx_word' id='word_1_187' title='bbox 515 2229 594 2296; x_wconf 81' lang='lat' dir='ltr'><strong>risit</strong></span> <span class='ocrx_word' id='word_1_188' title='bbox 608 2231 792 2310; x_wconf 74' lang='lat' dir='ltr'><strong>augustas,</strong></span> <span class='ocrx_word' id='word_1_189' title='bbox 813 2242 908 2314; x_wconf 88' lang='lat' dir='ltr'><strong>atquo</strong></span> <span class='ocrx_word' id='word_1_190' title='bbox 927 2229 1001 2312; x_wconf 84' lang='lat' dir='ltr'><strong>ipss</strong></span> <span class='ocrx_word' id='word_1_191' title='bbox 1055 2224 1198 2304; x_wconf 77' lang='lat' dir='ltr'><strong>vocarit,</strong></span> <span class='ocrx_word' id='word_1_192' title='bbox 1217 2225 1347 2318; x_wconf 80' lang='lat' dir='ltr'><strong>laudem</strong></span> <span class='ocrx_word' id='word_1_193' title='bbox 1368 2245 1434 2288; x_wconf 91' lang='lat' dir='ltr'><strong>non</strong></span> <span class='ocrx_word' id='word_1_194' title='bbox 1456 2224 1627 2308; x_wconf 82' lang='lat' dir='ltr'><strong>sulgoreus</strong></span> <span class='ocrx_word' id='word_1_195' title='bbox 1648 2228 1803 2314; x_wconf 77' lang='lat' dir='ltr'><strong>adeptum</strong></span> 
     </span>
     <span class='ocr_line' id='line_1_19' title="bbox 255 2313 1828 2414; baseline -0.005 -12"><span class='ocrx_word' id='word_1_196' title='bbox 255 2337 375 2402; x_wconf 78' lang='lat' dir='ltr'><strong>Caesar</strong></span> <span class='ocrx_word' id='word_1_197' title='bbox 396 2347 520 2398; x_wconf 82' lang='lat' dir='ltr'><strong>tautum</strong></span> <span class='ocrx_word' id='word_1_198' title='bbox 542 2331 614 2398; x_wconf 79' lang='lat' dir='ltr'><strong>tuit.</strong></span> <span class='ocrx_word' id='word_1_199' title='bbox 657 2332 723 2396; x_wconf 83' lang='lat' dir='ltr'><strong>llls</strong></span> <span class='ocrx_word' id='word_1_200' title='bbox 745 2344 875 2396; x_wconf 88' lang='lat' dir='ltr'><strong>mortuo</strong></span> <span class='ocrx_word' id='word_1_201' title='bbox 897 2330 1001 2396; x_wconf 86' lang='lat' dir='ltr'><strong>conti·</strong></span> <span class='ocrx_word' id='word_1_202' title='bbox 1056 2339 1195 2391; x_wconf 85' lang='lat' dir='ltr'><strong>eonstst.</strong></span> <span class='ocrx_word' id='word_1_203' title='bbox 1223 2327 1290 2394; x_wconf 83' lang='lat' dir='ltr'><strong>Titi</strong></span> <span class='ocrx_word' id='word_1_204' title='bbox 1307 2313 1420 2392; x_wconf 80' lang='lat' dir='ltr'><strong>laudes</strong></span> <span class='ocrx_word' id='word_1_205' title='bbox 1438 2329 1674 2414; x_wconf 86' lang='lat' dir='ltr'><strong>armispartaa,</strong></span> <span class='ocrx_word' id='word_1_206' title='bbox 1696 2333 1828 2396; x_wconf 63' lang='lat' dir='ltr'><strong>etde·</strong></span> 
     </span>
     <span class='ocr_line' id='line_1_20' title="bbox 254 2427 1799 2520; baseline -0.003 -20"><span class='ocrx_word' id='word_1_207' title='bbox 254 2457 322 2502; x_wconf 87' lang='lat' dir='ltr'><strong>nuo</strong></span> <span class='ocrx_word' id='word_1_208' title='bbox 343 2455 381 2500; x_wconf 85' lang='lat' dir='ltr'><strong>ea</strong></span> <span class='ocrx_word' id='word_1_209' title='bbox 403 2435 451 2500; x_wconf 89' lang='lat' dir='ltr'><strong>uti</strong></span> <span class='ocrx_word' id='word_1_210' title='bbox 472 2435 601 2520; x_wconf 83' lang='lat' dir='ltr'><strong>coepit,</strong></span> <span class='ocrx_word' id='word_1_211' title='bbox 618 2452 692 2496; x_wconf 81' lang='lat' dir='ltr'><strong>caru</strong></span> <span class='ocrx_word' id='word_1_212' title='bbox 716 2433 816 2513; x_wconf 86' lang='lat' dir='ltr'><strong>patris</strong></span> <span class='ocrx_word' id='word_1_213' title='bbox 838 2435 908 2515; x_wconf 85' lang='lat' dir='ltr'><strong>jura</strong></span> <span class='ocrx_word' id='word_1_214' title='bbox 932 2451 998 2497; x_wconf 86' lang='lat' dir='ltr'><strong>oau-</strong></span> <span class='ocrx_word' id='word_1_215' title='bbox 1055 2427 1140 2494; x_wconf 85' lang='lat' dir='ltr'><strong>latos</strong></span> <span class='ocrx_word' id='word_1_216' title='bbox 1166 2445 1347 2518; x_wconf 77' lang='lat' dir='ltr'><strong>propterea</strong></span> <span class='ocrx_word' id='word_1_217' title='bbox 1373 2431 1521 2494; x_wconf 83' lang='lat' dir='ltr'><strong>honores</strong></span> <span class='ocrx_word' id='word_1_218' title='bbox 1550 2431 1621 2514; x_wconf 88' lang='lat' dir='ltr'><strong>quis</strong></span> <span class='ocrx_word' id='word_1_219' title='bbox 1648 2432 1799 2518; x_wconf 73' lang='lat' dir='ltr'><strong>ignorat?</strong></span> 
     </span>
     <span class='ocr_line' id='line_1_21' title="bbox 256 2529 1801 2624; baseline -0.004 -20"><span class='ocrx_word' id='word_1_220' title='bbox 256 2542 312 2604; x_wconf 82' lang='lat' dir='ltr'><strong>uia</strong></span> <span class='ocrx_word' id='word_1_221' title='bbox 332 2552 429 2624; x_wconf 79' lang='lat' dir='ltr'><strong>utque</strong></span> <span class='ocrx_word' id='word_1_222' title='bbox 451 2538 610 2612; x_wconf 83' lang='lat' dir='ltr'><strong>honores,</strong></span> <span class='ocrx_word' id='word_1_223' title='bbox 639 2549 789 2618; x_wconf 82' lang='lat' dir='ltr'><strong>tanosm</strong></span> <span class='ocrx_word' id='word_1_224' title='bbox 819 2533 883 2598; x_wconf 87' lang='lat' dir='ltr'><strong>sibi</strong></span> <span class='ocrx_word' id='word_1_225' title='bbox 909 2533 998 2596; x_wconf 84' lang='lat' dir='ltr'><strong>‹lebi-</strong></span> <span class='ocrx_word' id='word_1_226' title='bbox 1054 2529 1233 2595; x_wconf 85' lang='lat' dir='ltr'><strong>Diliicilius</strong></span> <span class='ocrx_word' id='word_1_227' title='bbox 1262 2547 1313 2596; x_wconf 88' lang='lat' dir='ltr'><strong>eat</strong></span> <span class='ocrx_word' id='word_1_228' title='bbox 1343 2532 1394 2594; x_wconf 77' lang='lat' dir='ltr'><strong>llis</strong></span> <span class='ocrx_word' id='word_1_229' title='bbox 1417 2533 1544 2608; x_wconf 77' lang='lat' dir='ltr'><strong>sociare</strong></span> <span class='ocrx_word' id='word_1_230' title='bbox 1566 2535 1801 2600; x_wconf 86' lang='lat' dir='ltr'><strong>Domitianum.</strong></span> 
     </span>
     <span class='ocr_line' id='line_1_22' title="bbox 255 2633 1803 2723; baseline -0.003 -19"><span class='ocrx_word' id='word_1_231' title='bbox 255 2653 321 2717; x_wconf 84' lang='lat' dir='ltr'><strong>tos,</strong></span> <span class='ocrx_word' id='word_1_232' title='bbox 366 2651 562 2723; x_wconf 77' lang='lat' dir='ltr'><strong>capesseret.</strong></span> <span class='ocrx_word' id='word_1_233' title='bbox 606 2635 734 2698; x_wconf 82' lang='lat' dir='ltr'><strong>Eodem</strong></span> <span class='ocrx_word' id='word_1_234' title='bbox 778 2634 877 2698; x_wconf 79' lang='lat' dir='ltr'><strong>nodo</strong></span> <span class='ocrx_word' id='word_1_235' title='bbox 907 2637 1000 2700; x_wconf 80' lang='lat' dir='ltr'><strong>Nero</strong></span> <span class='ocrx_word' id='word_1_236' title='bbox 1056 2635 1182 2698; x_wconf 71' lang='lat' dir='ltr'><strong>Tamen</strong></span> <span class='ocrx_word' id='word_1_237' title='bbox 1213 2633 1391 2702; x_wconf 75' lang='lat' dir='ltr'><strong>verisimile</strong></span> <span class='ocrx_word' id='word_1_238' title='bbox 1420 2646 1488 2709; x_wconf 86' lang='lat' dir='ltr'><strong>est,</strong></span> <span class='ocrx_word' id='word_1_239' title='bbox 1510 2633 1714 2716; x_wconf 82' lang='lat' dir='ltr'><strong>indul-gentis</strong></span> <span class='ocrx_word' id='word_1_240' title='bbox 1734 2636 1803 2701; x_wconf 83' lang='lat' dir='ltr'><strong>Ve-</strong></span> 
     </span>
     <span class='ocr_line' id='line_1_23' title="bbox 254 2733 1803 2822; baseline -0.004 -16"><span class='ocrx_word' id='word_1_241' title='bbox 254 2740 397 2806; x_wconf 78' lang='lat' dir='ltr'><strong>nousluru</strong></span> <span class='ocrx_word' id='word_1_242' title='bbox 428 2744 594 2822; x_wconf 79' lang='lat' dir='ltr'><strong>Augustus</strong></span> <span class='ocrx_word' id='word_1_243' title='bbox 625 2740 768 2801; x_wconf 87' lang='lat' dir='ltr'><strong>lauream</strong></span> <span class='ocrx_word' id='word_1_244' title='bbox 798 2735 914 2822; x_wconf 67' lang='lat' dir='ltr'><strong>procul</strong></span> <span class='ocrx_word' id='word_1_245' title='bbox 944 2735 1000 2800; x_wconf 84' lang='lat' dir='ltr'><strong>lta·</strong></span> <span class='ocrx_word' id='word_1_246' title='bbox 1055 2738 1194 2819; x_wconf 82' lang='lat' dir='ltr'><strong>spssiani</strong></span> <span class='ocrx_word' id='word_1_247' title='bbox 1216 2749 1250 2799; x_wconf 87' lang='lat' dir='ltr'><strong>st</strong></span> <span class='ocrx_word' id='word_1_248' title='bbox 1271 2736 1360 2814; x_wconf 78' lang='lat' dir='ltr'><strong>Titi,</strong></span> <span class='ocrx_word' id='word_1_249' title='bbox 1380 2755 1453 2800; x_wconf 88' lang='lat' dir='ltr'><strong>oum</strong></span> <span class='ocrx_word' id='word_1_250' title='bbox 1475 2733 1510 2796; x_wconf 82' lang='lat' dir='ltr'><strong>lai</strong></span> <span class='ocrx_word' id='word_1_251' title='bbox 1531 2735 1732 2822; x_wconf 79' lang='lat' dir='ltr'><strong>triumphum</strong></span> <span class='ocrx_word' id='word_1_252' title='bbox 1750 2740 1803 2800; x_wconf 84' lang='lat' dir='ltr'><strong>lu-</strong></span> 
     </span>
     <span class='ocr_line' id='line_1_24' title="bbox 252 2827 1803 2928; baseline -0.003 -20"><span class='ocrx_word' id='word_1_253' title='bbox 252 2845 333 2908; x_wconf 80' lang='lat' dir='ltr'><strong>buit.</strong></span> <span class='ocrx_word' id='word_1_254' title='bbox 377 2845 430 2908; x_wconf 83' lang='lat' dir='ltr'><strong>Ex</strong></span> <span class='ocrx_word' id='word_1_255' title='bbox 460 2863 526 2928; x_wconf 88' lang='lat' dir='ltr'><strong>quo</strong></span> <span class='ocrx_word' id='word_1_256' title='bbox 557 2827 671 2927; x_wconf 77' lang='lat' dir='ltr'><strong>colligi</strong></span> <span class='ocrx_word' id='word_1_257' title='bbox 701 2853 833 2926; x_wconf 81' lang='lat' dir='ltr'><strong>posset,</strong></span> <span class='ocrx_word' id='word_1_258' title='bbox 867 2837 1008 2928; x_wconf 28' lang='lat' dir='ltr'><strong>nonnisi.</strong></span> <span class='ocrx_word' id='word_1_259' title='bbox 1055 2839 1183 2906; x_wconf 73' lang='lat' dir='ltr'><strong>laicum</strong></span> <span class='ocrx_word' id='word_1_260' title='bbox 1212 2849 1373 2920; x_wconf 66' lang='lat' dir='ltr'><strong>agerent,</strong></span> <span class='ocrx_word' id='word_1_261' title='bbox 1406 2835 1515 2920; x_wconf 86' lang='lat' dir='ltr'><strong>aliqua</strong></span> <span class='ocrx_word' id='word_1_262' title='bbox 1545 2837 1641 2900; x_wconf 86' lang='lat' dir='ltr'><strong>etism</strong></span> <span class='ocrx_word' id='word_1_263' title='bbox 1674 2840 1803 2904; x_wconf 84' lang='lat' dir='ltr'><strong>uirtutis</strong></span> 
     </span>
     <span class='ocr_line' id='line_1_25' title="bbox 251 2939 1801 3032; baseline -0.003 -22"><span class='ocrx_word' id='word_1_264' title='bbox 251 2951 474 3032; x_wconf 70' lang='lat' dir='ltr'><strong>Augustorum</strong></span> <span class='ocrx_word' id='word_1_265' title='bbox 504 2963 574 3008; x_wconf 85' lang='lat' dir='ltr'><strong>eam</strong></span> <span class='ocrx_word' id='word_1_266' title='bbox 602 2941 675 3026; x_wconf 77' lang='lat' dir='ltr'><strong>inre</strong></span> <span class='ocrx_word' id='word_1_267' title='bbox 695 2941 797 3006; x_wconf 83' lang='lat' dir='ltr'><strong>luisse</strong></span> <span class='ocrx_word' id='word_1_268' title='bbox 818 2953 999 3026; x_wconf 75' lang='lat' dir='ltr'><strong>gestamen,</strong></span> <span class='ocrx_word' id='word_1_269' title='bbox 1053 2941 1194 3018; x_wconf 71' lang='lat' dir='ltr'><strong>bellicae</strong></span> <span class='ocrx_word' id='word_1_270' title='bbox 1223 2950 1413 3006; x_wconf 86' lang='lat' dir='ltr'><strong>ornamenta</strong></span> <span class='ocrx_word' id='word_1_271' title='bbox 1440 2959 1515 3001; x_wconf 90' lang='lat' dir='ltr'><strong>oum</strong></span> <span class='ocrx_word' id='word_1_272' title='bbox 1535 2939 1725 3005; x_wconf 87' lang='lat' dir='ltr'><strong>Domitiano</strong></span> <span class='ocrx_word' id='word_1_273' title='bbox 1751 2943 1801 3006; x_wconf 83' lang='lat' dir='ltr'><strong>ln·</strong></span> 
     </span>
     <span class='ocr_line' id='line_1_26' title="bbox 252 3041 1801 3136; baseline -0.005 -21"><span class='ocrx_word' id='word_1_274' title='bbox 252 3053 316 3115; x_wconf 87' lang='lat' dir='ltr'><strong>nisi</strong></span> <span class='ocrx_word' id='word_1_275' title='bbox 334 3051 410 3112; x_wconf 91' lang='lat' dir='ltr'><strong>huie</strong></span> <span class='ocrx_word' id='word_1_276' title='bbox 429 3047 497 3130; x_wconf 87' lang='lat' dir='ltr'><strong>legi</strong></span> <span class='ocrx_word' id='word_1_277' title='bbox 514 3046 713 3110; x_wconf 89' lang='lat' dir='ltr'><strong>obsisterent</strong></span> <span class='ocrx_word' id='word_1_278' title='bbox 730 3046 858 3109; x_wconf 84' lang='lat' dir='ltr'><strong>Drusus</strong></span> <span class='ocrx_word' id='word_1_279' title='bbox 875 3046 996 3121; x_wconf 76' lang='lat' dir='ltr'><strong>senior,</strong></span> <span class='ocrx_word' id='word_1_280' title='bbox 1053 3046 1119 3136; x_wconf 72' lang='lat' dir='ltr'><strong>isse</strong></span> <span class='ocrx_word' id='word_1_281' title='bbox 1142 3043 1389 3109; x_wconf 75' lang='lat' dir='ltr'><strong>communicata.</strong></span> <span class='ocrx_word' id='word_1_282' title='bbox 1434 3041 1519 3106; x_wconf 76' lang='lat' dir='ltr'><strong>Sene</strong></span> <span class='ocrx_word' id='word_1_283' title='bbox 1542 3057 1685 3122; x_wconf 85' lang='lat' dir='ltr'><strong>constat,</strong></span> <span class='ocrx_word' id='word_1_284' title='bbox 1713 3045 1801 3108; x_wconf 90' lang='lat' dir='ltr'><strong>huno</strong></span> 
     </span>
    </p>
   </div>
   <div class='ocr_carea' id='block_1_7' title="bbox 254 3144 1967 3252">
    <p class='ocr_par' dir='ltr' id='par_1_7' title="bbox 254 3144 1967 3252">
     <span class='ocr_line' id='line_1_27' title="bbox 254 3144 1967 3252; baseline -0.007 -38"><span class='ocrx_word' id='word_1_285' title='bbox 254 3151 375 3215; x_wconf 81' lang='lat' dir='ltr'><strong>sleindo</strong></span> <span class='ocrx_word' id='word_1_286' title='bbox 412 3151 524 3224; x_wconf 81' lang='lat' dir='ltr'><strong>Titus,</strong></span> <span class='ocrx_word' id='word_1_287' title='bbox 564 3167 602 3211; x_wconf 84' lang='lat' dir='ltr'><strong>ac</strong></span> <span class='ocrx_word' id='word_1_288' title='bbox 639 3147 856 3211; x_wconf 82' lang='lat' dir='ltr'><strong>Domitianus.</strong></span> <span class='ocrx_word' id='word_1_289' title='bbox 898 3146 998 3232; x_wconf 82' lang='lat' dir='ltr'><strong>Atqui</strong></span> <span class='ocrx_word' id='word_1_290' title='bbox 1055 3169 1185 3234; x_wconf 87' lang='lat' dir='ltr'><strong>quoque</strong></span> <span class='ocrx_word' id='word_1_291' title='bbox 1203 3147 1236 3210; x_wconf 88' lang='lat' dir='ltr'><strong>ei</strong></span> <span class='ocrx_word' id='word_1_292' title='bbox 1254 3144 1419 3252; x_wconf 57' lang='lat' dir='ltr'><strong>triumplso</strong></span> <span class='ocrx_word' id='word_1_293' title='bbox 1436 3145 1624 3210; x_wconf 76' lang='lat' dir='ltr'><strong>interfuisse</strong></span> <span class='ocrx_word' id='word_1_294' title='bbox 1642 3166 1729 3231; x_wconf 86' lang='lat' dir='ltr'><strong>equs</strong></span> <span class='ocrx_word' id='word_1_295' title='bbox 1746 3165 1802 3213; x_wconf 81' lang='lat' dir='ltr'><strong>re-</strong></span> <span class='ocrx_word' id='word_1_296' title='bbox 1847 3149 1851 3154; x_wconf 86' lang='grc'><em>“</em></span> <span class='ocrx_word' id='word_1_297' title='bbox 1961 3195 1967 3202; x_wconf 90' lang='grc'>.</span> 
     </span>
    </p>
   </div>
   <div class='ocr_carea' id='block_1_8' title="bbox 214 3246 1843 4564">
    <p class='ocr_par' dir='ltr' id='par_1_8' title="bbox 214 3246 1802 3748">
     <span class='ocr_line' id='line_1_28' title="bbox 253 3246 1801 3336; baseline -0.002 -21"><span class='ocrx_word' id='word_1_298' title='bbox 253 3253 382 3315; x_wconf 82' lang='lat' dir='ltr'><strong>Drusus</strong></span> <span class='ocrx_word' id='word_1_299' title='bbox 408 3251 463 3314; x_wconf 86' lang='lat' dir='ltr'><strong>hic</strong></span> <span class='ocrx_word' id='word_1_300' title='bbox 489 3269 532 3310; x_wconf 88' lang='lat' dir='ltr'><strong>ne</strong></span> <span class='ocrx_word' id='word_1_301' title='bbox 554 3251 675 3312; x_wconf 79' lang='lat' dir='ltr'><strong>Caesar</strong></span> <span class='ocrx_word' id='word_1_302' title='bbox 702 3249 835 3336; x_wconf 81' lang='lat' dir='ltr'><strong>quidem</strong></span> <span class='ocrx_word' id='word_1_303' title='bbox 864 3248 940 3322; x_wconf 81' lang='lat' dir='ltr'><strong>luit,</strong></span> <span class='ocrx_word' id='word_1_304' title='bbox 964 3261 997 3311; x_wconf 89' lang='lat' dir='ltr'><strong>et</strong></span> <span class='ocrx_word' id='word_1_305' title='bbox 1054 3263 1161 3326; x_wconf 78' lang='lat' dir='ltr'><strong>etum.</strong></span> <span class='ocrx_word' id='word_1_306' title='bbox 1174 3263 1208 3314; x_wconf 87' lang='lat' dir='ltr'><strong>et</strong></span> <span class='ocrx_word' id='word_1_307' title='bbox 1225 3250 1258 3310; x_wconf 95' lang='lat' dir='ltr'><strong>in</strong></span> <span class='ocrx_word' id='word_1_308' title='bbox 1277 3247 1348 3332; x_wconf 68' lang='lat' dir='ltr'><strong>ejus</strong></span> <span class='ocrx_word' id='word_1_309' title='bbox 1363 3246 1465 3332; x_wconf 79' lang='lat' dir='ltr'><strong>ipsias</strong></span> <span class='ocrx_word' id='word_1_310' title='bbox 1482 3247 1557 3309; x_wconf 76' lang='lat' dir='ltr'><strong>suni</strong></span> <span class='ocrx_word' id='word_1_311' title='bbox 1571 3249 1693 3328; x_wconf 81' lang='lat' dir='ltr'><strong>usmis,</strong></span> <span class='ocrx_word' id='word_1_312' title='bbox 1710 3269 1801 3312; x_wconf 87' lang='lat' dir='ltr'><strong>nem·</strong></span> 
     </span>
     <span class='ocr_line' id='line_1_29' title="bbox 254 3337 1802 3436; baseline -0.003 -17"><span class='ocrx_word' id='word_1_313' title='bbox 254 3369 364 3420; x_wconf 75' lang='lat' dir='ltr'><strong>tomen</strong></span> <span class='ocrx_word' id='word_1_314' title='bbox 393 3353 573 3415; x_wconf 77' lang='lat' dir='ltr'><strong>laurentum</strong></span> <span class='ocrx_word' id='word_1_315' title='bbox 604 3349 798 3435; x_wconf 83' lang='lat' dir='ltr'><strong>plerumque</strong></span> <span class='ocrx_word' id='word_1_316' title='bbox 826 3350 864 3414; x_wconf 79' lang='lat' dir='ltr'><strong>iu</strong></span> <span class='ocrx_word' id='word_1_317' title='bbox 890 3349 997 3412; x_wconf 85' lang='lat' dir='ltr'><strong>usmis</strong></span> <span class='ocrx_word' id='word_1_318' title='bbox 1054 3373 1097 3436; x_wconf 78' lang='lat' dir='ltr'><strong>pe</strong></span> <span class='ocrx_word' id='word_1_319' title='bbox 1111 3351 1297 3426; x_wconf 61' lang='lat' dir='ltr'><strong>notu,</strong></span> <span class='ocrx_word' id='word_1_320' title='bbox 1319 3349 1459 3434; x_wconf 84' lang='lat' dir='ltr'><strong>proponi</strong></span> <span class='ocrx_word' id='word_1_321' title='bbox 1481 3348 1687 3432; x_wconf 75' lang='lat' dir='ltr'><strong>patalarum,</strong></span> <span class='ocrx_word' id='word_1_322' title='bbox 1709 3366 1743 3415; x_wconf 87' lang='lat' dir='ltr'><strong>et</strong></span> <span class='ocrx_word' id='word_1_323' title='bbox 1759 3337 1802 3415; x_wconf 84' lang='lat' dir='ltr'><strong>si·</strong></span> 
     </span>
     <span class='ocr_line' id='line_1_30' title="bbox 255 3450 1801 3543; baseline -0.003 -22"><span class='ocrx_word' id='word_1_324' title='bbox 255 3467 351 3543; x_wconf 83' lang='lat' dir='ltr'><strong>caput</strong></span> <span class='ocrx_word' id='word_1_325' title='bbox 380 3451 495 3528; x_wconf 82' lang='lat' dir='ltr'><strong>habet,</strong></span> <span class='ocrx_word' id='word_1_326' title='bbox 532 3461 566 3514; x_wconf 88' lang='lat' dir='ltr'><strong>et</strong></span> <span class='ocrx_word' id='word_1_327' title='bbox 595 3450 674 3513; x_wconf 89' lang='lat' dir='ltr'><strong>licet</strong></span> <span class='ocrx_word' id='word_1_328' title='bbox 702 3463 848 3528; x_wconf 81' lang='lat' dir='ltr'><strong>constes,</strong></span> <span class='ocrx_word' id='word_1_329' title='bbox 881 3470 1001 3516; x_wconf 84' lang='lat' dir='ltr'><strong>numos</strong></span> <span class='ocrx_word' id='word_1_330' title='bbox 1053 3455 1157 3516; x_wconf 80' lang='lat' dir='ltr'><strong>nistra</strong></span> <span class='ocrx_word' id='word_1_331' title='bbox 1176 3452 1388 3536; x_wconf 71' lang='lat' dir='ltr'><strong>paretonium</strong></span> <span class='ocrx_word' id='word_1_332' title='bbox 1405 3462 1594 3530; x_wconf 85' lang='lat' dir='ltr'><strong>tenentem,</strong></span> <span class='ocrx_word' id='word_1_333' title='bbox 1614 3475 1651 3518; x_wconf 90' lang='lat' dir='ltr'><strong>ac</strong></span> <span class='ocrx_word' id='word_1_334' title='bbox 1669 3456 1801 3519; x_wconf 88' lang='lat' dir='ltr'><strong>nonnisi</strong></span> 
     </span>
     <span class='ocr_line' id='line_1_31' title="bbox 254 3549 1801 3644; baseline -0.005 -18"><span class='ocrx_word' id='word_1_335' title='bbox 254 3561 326 3644; x_wconf 83' lang='lat' dir='ltr'><strong>ejus</strong></span> <span class='ocrx_word' id='word_1_336' title='bbox 343 3576 458 3622; x_wconf 85' lang='lat' dir='ltr'><strong>ousnes</strong></span> <span class='ocrx_word' id='word_1_337' title='bbox 473 3549 602 3616; x_wconf 82' lang='lat' dir='ltr'><strong>nonnisi</strong></span> <span class='ocrx_word' id='word_1_338' title='bbox 624 3563 696 3636; x_wconf 81' lang='lat' dir='ltr'><strong>post</strong></span> <span class='ocrx_word' id='word_1_339' title='bbox 717 3551 807 3614; x_wconf 85' lang='lat' dir='ltr'><strong>illins</strong></span> <span class='ocrx_word' id='word_1_340' title='bbox 825 3569 998 3615; x_wconf 81' lang='lat' dir='ltr'><strong>excessum</strong></span> <span class='ocrx_word' id='word_1_341' title='bbox 1054 3555 1096 3622; x_wconf 79' lang='lat' dir='ltr'><strong>sis</strong></span> <span class='ocrx_word' id='word_1_342' title='bbox 1111 3575 1152 3618; x_wconf 87' lang='lat' dir='ltr'><strong>eo</strong></span> <span class='ocrx_word' id='word_1_343' title='bbox 1168 3568 1334 3636; x_wconf 76' lang='lat' dir='ltr'><strong>tempore,</strong></span> <span class='ocrx_word' id='word_1_344' title='bbox 1352 3572 1428 3616; x_wconf 85' lang='lat' dir='ltr'><strong>eum</strong></span> <span class='ocrx_word' id='word_1_345' title='bbox 1439 3565 1534 3618; x_wconf 81' lang='lat' dir='ltr'><strong>antes</strong></span> <span class='ocrx_word' id='word_1_346' title='bbox 1547 3554 1653 3638; x_wconf 87' lang='lat' dir='ltr'><strong>capite</strong></span> <span class='ocrx_word' id='word_1_347' title='bbox 1666 3575 1801 3642; x_wconf 86' lang='lat' dir='ltr'><strong>semper</strong></span> 
     </span>
     <span class='ocr_line' id='line_1_32' title="bbox 214 3650 1756 3748; baseline -0.005 -23"><span class='ocrx_word' id='word_1_348' title='bbox 214 3721 225 3748; x_wconf 50' lang='lat'>0</span> <span class='ocrx_word' id='word_1_349' title='bbox 253 3662 355 3726; x_wconf 81' lang='lat' dir='ltr'><strong>luisse</strong></span> <span class='ocrx_word' id='word_1_350' title='bbox 367 3659 521 3742; x_wconf 83' lang='lat' dir='ltr'><strong>signatos,</strong></span> <span class='ocrx_word' id='word_1_351' title='bbox 539 3669 647 3720; x_wconf 84' lang='lat' dir='ltr'><strong>tamen</strong></span> <span class='ocrx_word' id='word_1_352' title='bbox 660 3650 916 3717; x_wconf 79' lang='lat' dir='ltr'><strong>harsuillirlsri</strong></span> <span class='ocrx_word' id='word_1_353' title='bbox 932 3674 999 3717; x_wconf 76' lang='lat' dir='ltr'><strong>nos</strong></span> <span class='ocrx_word' id='word_1_354' title='bbox 1054 3657 1143 3726; x_wconf 71' lang='lat' dir='ltr'><strong>nudo</strong></span> <span class='ocrx_word' id='word_1_355' title='bbox 1162 3667 1267 3731; x_wconf 88' lang='lat' dir='ltr'><strong>esset,</strong></span> <span class='ocrx_word' id='word_1_356' title='bbox 1289 3655 1400 3718; x_wconf 85' lang='lat' dir='ltr'><strong>laurea</strong></span> <span class='ocrx_word' id='word_1_357' title='bbox 1420 3655 1609 3722; x_wconf 72' lang='lat' dir='ltr'><strong>redimitum</strong></span> <span class='ocrx_word' id='word_1_358' title='bbox 1631 3656 1756 3740; x_wconf 86' lang='lat' dir='ltr'><strong>effingi.</strong></span> 
     </span>
    </p>

    <p class='ocr_par' dir='ltr' id='par_1_9' title="bbox 251 3753 1843 4564">
     <span class='ocr_line' id='line_1_33' title="bbox 253 3753 1800 3850; baseline -0.003 -26"><span class='ocrx_word' id='word_1_359' title='bbox 253 3765 433 3850; x_wconf 75' lang='lat' dir='ltr'><strong>potuisset,</strong></span> <span class='ocrx_word' id='word_1_360' title='bbox 470 3760 498 3822; x_wconf 91' lang='lat' dir='ltr'><strong>si</strong></span> <span class='ocrx_word' id='word_1_361' title='bbox 525 3759 724 3843; x_wconf 73' lang='lat' dir='ltr'><strong>principatus</strong></span> <span class='ocrx_word' id='word_1_362' title='bbox 756 3754 813 3820; x_wconf 87' lang='lat' dir='ltr'><strong>illu</strong></span> <span class='ocrx_word' id='word_1_363' title='bbox 840 3753 999 3820; x_wconf 84' lang='lat' dir='ltr'><strong>indicium</strong></span> <span class='ocrx_word' id='word_1_364' title='bbox 1117 3757 1284 3840; x_wconf 76' lang='lat' dir='ltr'><strong>Deinceps</strong></span> <span class='ocrx_word' id='word_1_365' title='bbox 1300 3756 1459 3838; x_wconf 85' lang='lat' dir='ltr'><strong>inlegem</strong></span> <span class='ocrx_word' id='word_1_366' title='bbox 1475 3758 1625 3834; x_wconf 71' lang='lat' dir='ltr'><strong>abivisset,</strong></span> <span class='ocrx_word' id='word_1_367' title='bbox 1641 3771 1800 3838; x_wconf 82' lang='lat' dir='ltr'><strong>utnemo,</strong></span> 
     </span>
     <span class='ocr_line' id='line_1_34' title="bbox 254 3847 1843 3945; baseline -0.005 -15"><span class='ocrx_word' id='word_1_368' title='bbox 254 3868 380 3930; x_wconf 86' lang='lat' dir='ltr'><strong>luisset.</strong></span> <span class='ocrx_word' id='word_1_369' title='bbox 402 3863 463 3927; x_wconf 88' lang='lat' dir='ltr'><strong>Csi</strong></span> <span class='ocrx_word' id='word_1_370' title='bbox 479 3861 563 3925; x_wconf 75' lang='lat' dir='ltr'><strong>atto</strong></span> <span class='ocrx_word' id='word_1_371' title='bbox 578 3863 618 3924; x_wconf 74' lang='lat'><strong>1..</strong></span> <span class='ocrx_word' id='word_1_372' title='bbox 633 3859 806 3928; x_wconf 78' lang='lat' dir='ltr'><strong>Vitellium</strong></span> <span class='ocrx_word' id='word_1_373' title='bbox 821 3857 898 3923; x_wconf 79' lang='lat' dir='ltr'><strong>auti</strong></span> <span class='ocrx_word' id='word_1_374' title='bbox 912 3862 997 3942; x_wconf 77' lang='lat' dir='ltr'><strong>sug.</strong></span> <span class='ocrx_word' id='word_1_375' title='bbox 1053 3863 1117 3926; x_wconf 85' lang='lat' dir='ltr'><strong>nisi</strong></span> <span class='ocrx_word' id='word_1_376' title='bbox 1148 3865 1335 3945; x_wconf 77' lang='lat' dir='ltr'><strong>Augustus,</strong></span> <span class='ocrx_word' id='word_1_377' title='bbox 1375 3857 1487 3922; x_wconf 78' lang='lat' dir='ltr'><strong>laurea</strong></span> <span class='ocrx_word' id='word_1_378' title='bbox 1516 3859 1798 3942; x_wconf 72' lang='lat' dir='ltr'><strong>praecingeretur,</strong></span> <span class='ocrx_word' id='word_1_379' title='bbox 1836 3847 1843 3858; x_wconf 71' lang='grc'>’</span> 
     </span>
     <span class='ocr_line' id='line_1_35' title="bbox 252 3959 1800 4060; baseline -0.006 -26"><span class='ocrx_word' id='word_1_380' title='bbox 252 3985 398 4060; x_wconf 57' lang='lat' dir='ltr'><strong>patr-eun</strong></span> <span class='ocrx_word' id='word_1_381' title='bbox 439 3963 514 4050; x_wconf 86' lang='lat' dir='ltr'><strong>qui,</strong></span> <span class='ocrx_word' id='word_1_382' title='bbox 551 3986 625 4028; x_wconf 87' lang='lat' dir='ltr'><strong>cum</strong></span> <span class='ocrx_word' id='word_1_383' title='bbox 664 3963 810 4046; x_wconf 79' lang='lat' dir='ltr'><strong>privatus</strong></span> <span class='ocrx_word' id='word_1_384' title='bbox 849 3973 1000 4025; x_wconf 86' lang='lat' dir='ltr'><strong>mortuus</strong></span> <span class='ocrx_word' id='word_1_385' title='bbox 1053 3965 1144 4029; x_wconf 83' lang='lat' dir='ltr'><strong>narni</strong></span> <span class='ocrx_word' id='word_1_386' title='bbox 1162 3961 1341 4026; x_wconf 79' lang='lat' dir='ltr'><strong>luculente</strong></span> <span class='ocrx_word' id='word_1_387' title='bbox 1373 3959 1504 4024; x_wconf 81' lang='lat' dir='ltr'><strong>dorent.</strong></span> <span class='ocrx_word' id='word_1_388' title='bbox 1548 3962 1584 4022; x_wconf 87' lang='lat' dir='ltr'><strong>ln</strong></span> <span class='ocrx_word' id='word_1_389' title='bbox 1615 3981 1681 4024; x_wconf 89' lang='lat' dir='ltr'><strong>uno</strong></span> <span class='ocrx_word' id='word_1_390' title='bbox 1703 3963 1800 4026; x_wconf 83' lang='lat' dir='ltr'><strong>Coru-</strong></span> 
     </span>
     <span class='ocr_line' id='line_1_36' title="bbox 252 4059 1798 4149; baseline -0.006 -11"><span class='ocrx_word' id='word_1_391' title='bbox 252 4085 356 4149; x_wconf 84' lang='lat' dir='ltr'><strong>ssset‚</strong></span> <span class='ocrx_word' id='word_1_392' title='bbox 385 4081 493 4132; x_wconf 85' lang='lat' dir='ltr'><strong>tamen</strong></span> <span class='ocrx_word' id='word_1_393' title='bbox 520 4068 553 4130; x_wconf 87' lang='lat' dir='ltr'><strong>in</strong></span> <span class='ocrx_word' id='word_1_394' title='bbox 583 4063 689 4128; x_wconf 84' lang='lat' dir='ltr'><strong>narnis</strong></span> <span class='ocrx_word' id='word_1_395' title='bbox 719 4087 737 4128; x_wconf 92' lang='lat' dir='ltr'><strong>n</strong></span> <span class='ocrx_word' id='word_1_396' title='bbox 765 4063 834 4126; x_wconf 87' lang='lat' dir='ltr'><strong>lilio</strong></span> <span class='ocrx_word' id='word_1_397' title='bbox 864 4063 999 4148; x_wconf 88' lang='lat' dir='ltr'><strong>signstis</strong></span> <span class='ocrx_word' id='word_1_398' title='bbox 1054 4067 1153 4132; x_wconf 74' lang='lat' dir='ltr'><strong>rsorlo</strong></span> <span class='ocrx_word' id='word_1_399' title='bbox 1181 4065 1322 4130; x_wconf 76' lang='lat' dir='ltr'><strong>observo</strong></span> <span class='ocrx_word' id='word_1_400' title='bbox 1344 4061 1445 4126; x_wconf 82' lang='lat' dir='ltr'><strong>decus</strong></span> <span class='ocrx_word' id='word_1_401' title='bbox 1465 4059 1553 4125; x_wconf 76' lang='lat' dir='ltr'><strong>istusl</strong></span> <span class='ocrx_word' id='word_1_402' title='bbox 1573 4061 1675 4128; x_wconf 83' lang='lat' dir='ltr'><strong>fuisse</strong></span> <span class='ocrx_word' id='word_1_403' title='bbox 1697 4077 1798 4129; x_wconf 87' lang='lat' dir='ltr'><strong>matu·</strong></span> 
     </span>
     <span class='ocr_line' id='line_1_37' title="bbox 252 4165 1797 4255; baseline -0.004 -16"><span class='ocrx_word' id='word_1_404' title='bbox 252 4175 400 4240; x_wconf 81' lang='lat' dir='ltr'><strong>laureato</strong></span> <span class='ocrx_word' id='word_1_405' title='bbox 440 4170 561 4255; x_wconf 29' lang='lat' dir='ltr'><strong>capite,</strong></span> <span class='ocrx_word' id='word_1_406' title='bbox 584 4179 645 4234; x_wconf 84' lang='lat' dir='ltr'><strong>est.</strong></span> <span class='ocrx_word' id='word_1_407' title='bbox 688 4165 799 4232; x_wconf 81' lang='lat' dir='ltr'><strong>Nolim</strong></span> <span class='ocrx_word' id='word_1_408' title='bbox 832 4167 997 4232; x_wconf 84' lang='lat' dir='ltr'><strong>morosior</strong></span> <span class='ocrx_word' id='word_1_409' title='bbox 1052 4185 1177 4245; x_wconf 83' lang='lat' dir='ltr'><strong>ratum,</strong></span> <span class='ocrx_word' id='word_1_410' title='bbox 1207 4167 1516 4242; x_wconf 64' lang='lat' dir='ltr'><strong>sensumsensurn,</strong></span> <span class='ocrx_word' id='word_1_411' title='bbox 1546 4166 1694 4250; x_wconf 85' lang='lat' dir='ltr'><strong>quaudo,</strong></span> <span class='ocrx_word' id='word_1_412' title='bbox 1722 4187 1797 4234; x_wconf 87' lang='lat' dir='ltr'><strong>uec·</strong></span> 
     </span>
     <span class='ocr_line' id='line_1_38' title="bbox 252 4267 1797 4358; baseline -0.006 -17"><span class='ocrx_word' id='word_1_413' title='bbox 252 4297 327 4341; x_wconf 89' lang='lat' dir='ltr'><strong>esse</strong></span> <span class='ocrx_word' id='word_1_414' title='bbox 350 4276 384 4336; x_wconf 93' lang='lat' dir='ltr'><strong>iu</strong></span> <span class='ocrx_word' id='word_1_415' title='bbox 399 4273 494 4348; x_wconf 84' lang='lat' dir='ltr'><strong>Tito,</strong></span> <span class='ocrx_word' id='word_1_416' title='bbox 516 4271 573 4355; x_wconf 82' lang='lat' dir='ltr'><strong>qai</strong></span> <span class='ocrx_word' id='word_1_417' title='bbox 589 4285 623 4336; x_wconf 87' lang='lat' dir='ltr'><strong>et</strong></span> <span class='ocrx_word' id='word_1_418' title='bbox 637 4269 756 4336; x_wconf 81' lang='lat' dir='ltr'><strong>Caesar</strong></span> <span class='ocrx_word' id='word_1_419' title='bbox 771 4269 848 4345; x_wconf 83' lang='lat' dir='ltr'><strong>suit,</strong></span> <span class='ocrx_word' id='word_1_420' title='bbox 871 4268 994 4336; x_wconf 81' lang='lat' dir='ltr'><strong>ettrib.</strong></span> <span class='ocrx_word' id='word_1_421' title='bbox 1052 4273 1129 4336; x_wconf 76' lang='lat' dir='ltr'><strong>dum</strong></span> <span class='ocrx_word' id='word_1_422' title='bbox 1152 4269 1284 4358; x_wconf 82' lang='lat' dir='ltr'><strong>quidem</strong></span> <span class='ocrx_word' id='word_1_423' title='bbox 1313 4281 1449 4353; x_wconf 89' lang='lat' dir='ltr'><strong>sccopto</strong></span> <span class='ocrx_word' id='word_1_424' title='bbox 1471 4269 1610 4354; x_wconf 78' lang='lat' dir='ltr'><strong>Augusti</strong></span> <span class='ocrx_word' id='word_1_425' title='bbox 1635 4267 1747 4346; x_wconf 82' lang='lat' dir='ltr'><strong>titulo,</strong></span> <span class='ocrx_word' id='word_1_426' title='bbox 1776 4291 1797 4332; x_wconf 88' lang='lat' dir='ltr'><strong>a</strong></span> 
     </span>
     <span class='ocr_line' id='line_1_39' title="bbox 251 4371 1797 4466; baseline -0.005 -25"><span class='ocrx_word' id='word_1_427' title='bbox 251 4387 413 4466; x_wconf 74' lang='lat' dir='ltr'><strong>potestate</strong></span> <span class='ocrx_word' id='word_1_428' title='bbox 441 4373 596 4448; x_wconf 80' lang='lat' dir='ltr'><strong>donetur,</strong></span> <span class='ocrx_word' id='word_1_429' title='bbox 629 4385 662 4436; x_wconf 86' lang='lat' dir='ltr'><strong>et</strong></span> <span class='ocrx_word' id='word_1_430' title='bbox 682 4396 700 4437; x_wconf 91' lang='lat' dir='ltr'><strong>a</strong></span> <span class='ocrx_word' id='word_1_431' title='bbox 722 4386 814 4459; x_wconf 83' lang='lat' dir='ltr'><strong>patre</strong></span> <span class='ocrx_word' id='word_1_432' title='bbox 838 4374 871 4436; x_wconf 90' lang='lat' dir='ltr'><strong>in</strong></span> <span class='ocrx_word' id='word_1_433' title='bbox 893 4371 997 4457; x_wconf 85' lang='lat' dir='ltr'><strong>irnpe-</strong></span> <span class='ocrx_word' id='word_1_434' title='bbox 1051 4389 1162 4462; x_wconf 78' lang='lat' dir='ltr'><strong>patre,</strong></span> <span class='ocrx_word' id='word_1_435' title='bbox 1182 4388 1216 4437; x_wconf 87' lang='lat' dir='ltr'><strong>ut</strong></span> <span class='ocrx_word' id='word_1_436' title='bbox 1235 4371 1395 4460; x_wconf 78' lang='lat' dir='ltr'><strong>quonslarn</strong></span> <span class='ocrx_word' id='word_1_437' title='bbox 1414 4371 1525 4450; x_wconf 76' lang='lat' dir='ltr'><strong>Titus,</strong></span> <span class='ocrx_word' id='word_1_438' title='bbox 1546 4373 1580 4434; x_wconf 91' lang='lat' dir='ltr'><strong>in</strong></span> <span class='ocrx_word' id='word_1_439' title='bbox 1597 4371 1730 4455; x_wconf 84' lang='lat' dir='ltr'><strong>imperii</strong></span> <span class='ocrx_word' id='word_1_440' title='bbox 1745 4389 1797 4433; x_wconf 86' lang='lat' dir='ltr'><strong>so·</strong></span> 
     </span>
     <span class='ocr_line' id='line_1_40' title="bbox 252 4471 1798 4564; baseline -0.006 -22"><span class='ocrx_word' id='word_1_441' title='bbox 252 4481 295 4543; x_wconf 89' lang='lat' dir='ltr'><strong>rii</strong></span> <span class='ocrx_word' id='word_1_442' title='bbox 333 4475 520 4558; x_wconf 73' lang='lat' dir='ltr'><strong>conlegium</strong></span> <span class='ocrx_word' id='word_1_443' title='bbox 558 4473 716 4557; x_wconf 82' lang='lat' dir='ltr'><strong>adscitus3</strong></span> <span class='ocrx_word' id='word_1_444' title='bbox 757 4497 870 4540; x_wconf 84' lang='lat' dir='ltr'><strong>verum</strong></span> <span class='ocrx_word' id='word_1_445' title='bbox 907 4475 996 4562; x_wconf 81' lang='lat' dir='ltr'><strong>quod</strong></span> <span class='ocrx_word' id='word_1_446' title='bbox 1052 4479 1202 4542; x_wconf 83' lang='lat' dir='ltr'><strong>rietatem</strong></span> <span class='ocrx_word' id='word_1_447' title='bbox 1222 4489 1355 4540; x_wconf 83' lang='lat' dir='ltr'><strong>vocatas</strong></span> <span class='ocrx_word' id='word_1_448' title='bbox 1374 4485 1433 4538; x_wconf 86' lang='lat' dir='ltr'><strong>est.</strong></span> <span class='ocrx_word' id='word_1_449' title='bbox 1476 4475 1569 4557; x_wconf 86' lang='lat' dir='ltr'><strong>Ergo</strong></span> <span class='ocrx_word' id='word_1_450' title='bbox 1587 4471 1631 4564; x_wconf 73' lang='lat' dir='ltr'><strong>¹als</strong></span> <span class='ocrx_word' id='word_1_451' title='bbox 1653 4492 1694 4537; x_wconf 88' lang='lat' dir='ltr'><strong>eo</strong></span> <span class='ocrx_word' id='word_1_452' title='bbox 1715 4483 1798 4535; x_wconf 85' lang='lat' dir='ltr'><strong>tern-</strong></span> 
     </span>
    </p>
   </div>
   <div class='ocr_carea' id='block_1_9' title="bbox 176 4573 1796 4764">
    <p class='ocr_par' dir='ltr' id='par_1_10' title="bbox 176 4573 1796 4764">
     <span class='ocr_line' id='line_1_41' title="bbox 176 4573 1796 4674; baseline -0.006 -26"><span class='ocrx_word' id='word_1_453' title='bbox 176 4651 182 4662; x_wconf 70' lang='grc'><em>,</em></span> <span class='ocrx_word' id='word_1_454' title='bbox 252 4600 374 4674; x_wconf 84' lang='lat' dir='ltr'><strong>quaeso</strong></span> <span class='ocrx_word' id='word_1_455' title='bbox 395 4576 584 4640; x_wconf 81' lang='lat' dir='ltr'><strong>Domitiano</strong></span> <span class='ocrx_word' id='word_1_456' title='bbox 605 4590 726 4642; x_wconf 84' lang='lat' dir='ltr'><strong>tanturn</strong></span> <span class='ocrx_word' id='word_1_457' title='bbox 750 4579 900 4658; x_wconf 84' lang='lat' dir='ltr'><strong>Caesari,</strong></span> <span class='ocrx_word' id='word_1_458' title='bbox 931 4579 996 4646; x_wconf 88' lang='lat' dir='ltr'><strong>his·</strong></span> <span class='ocrx_word' id='word_1_459' title='bbox 1051 4601 1135 4668; x_wconf 74' lang='lat' dir='ltr'><strong>pore</strong></span> <span class='ocrx_word' id='word_1_460' title='bbox 1157 4580 1313 4646; x_wconf 75' lang='lat' dir='ltr'><strong>Caesares</strong></span> <span class='ocrx_word' id='word_1_461' title='bbox 1334 4595 1449 4642; x_wconf 85' lang='lat' dir='ltr'><strong>omncs</strong></span> <span class='ocrx_word' id='word_1_462' title='bbox 1470 4575 1503 4638; x_wconf 92' lang='lat' dir='ltr'><strong>in</strong></span> <span class='ocrx_word' id='word_1_463' title='bbox 1527 4585 1657 4638; x_wconf 85' lang='lat' dir='ltr'><strong>moneta</strong></span> <span class='ocrx_word' id='word_1_464' title='bbox 1678 4573 1796 4644; x_wconf 77' lang='lat' dir='ltr'><strong>saltem</strong></span> 
     </span>
     <span class='ocr_line' id='line_1_42' title="bbox 351 4683 567 4764; baseline 0.009 -20"><span class='ocrx_word' id='word_1_465' title='bbox 351 4683 567 4764; x_wconf 72' lang='lat' dir='ltr'><strong>(romu.)</strong></span> 
     </span>
    </p>
   </div>
   <div class='ocr_carea' id='block_1_10' title="bbox 0 0 2246 5560">
    <p class='ocr_par' dir='ltr' id='par_1_11' title="bbox 0 0 2246 5560">
     <span class='ocr_line' id='line_1_43' title="bbox 0 0 2246 5560; baseline 0 1"><span class='ocrx_word' id='word_1_466' title='bbox 0 0 2246 5560; x_wconf 95' lang='lat' dir='ltr'><strong> </strong></span> 
     </span>
    </p>
   </div>
  </div>
 </body>
</html>
