4422 5546
714 370 1131 451 tttaxttttthttvs·
1155 373 1323 454 HERC.
1748 395 1795 464 21

237 559 374 648 quidem
392 569 442 624 est
456 555 679 633 Domitianus,
702 537 737 622 ut
753 571 893 623 testatur
908 561 990 623 Sne·
1047 559 1218 646 Philippis·
1241 576 1331 628 actos
1361 563 1463 628 fuisse
1492 566 1699 648 saeculares,
1728 588 1804 636 eer-

238 663 413 743 tonius¹)‚
443 674 569 736 tamen,
600 659 715 724 neseio
743 681 819 736 eur,
850 661 912 726 has
941 663 989 724 lu·
1047 675 1116 726 tum
1134 679 1273 732 cusum
1293 683 1335 727 ex
1352 683 1467 728 eorum
1485 668 1592 730 numia
1611 670 1735 750 obviis,
1764 672 1799 735 iu

237 766 299 830 dos
324 763 507 836 celebrarit
532 763 573 831 V.
600 763 636 825 C.
660 763 734 840 stt.
778 763 884 848 Magis
911 764 990 828 reli·
1046 765 1318 853 quibuslegitur:
1338 759 1797 851 s'aEchattEs.st⁷GG.,
1845 809 1850 822 ·
1981 771 1989 786 '

238 869 334 954 giose
354 861 502 950 Augusto
518 865 666 930 adhaesit
682 866 843 942 Severus,
866 887 940 931 eum
961 867 988 930 is
1047 882 1116 932 tum
1139 891 1182 934 ex
1204 869 1392 934 testimonio
1411 869 1661 938 Cassiodorii‘et
1677 877 1798 939 Hiero·

239 985 327 1036 teate
347 967 548 1044 Censorino,
570 966 703 1030 Zosimo
720 981 754 1032 et
771 969 877 1032 nnmis
893 971 990 1036 ludos
1048 965 1137 1056 nymi
1157 971 1390 1048 referentium,
1414 971 1509 1035 ludos
1529 974 1710 1042 theatrales
1729 991 1798 1042 tum

239 1073 303 1136 hos
330 1069 511 1136 celebrarit
536 1070 577 1138 V.
602 1070 639 1132 C.
664 1073 743 1156 957,
773 1091 893 1156 nempe
916 1087 991 1156 post
1048 1075 1082 1134 in
1099 1076 1221 1158 Campo
1239 1075 1357 1137 Martio
1374 1073 1476 1137 luisse
1492 1077 1677 1142 celebratos
1691 1079 1797 1158 tribua

239 1172 440 1258 biselapsos
463 1193 563 1238 annos
584 1173 652 1238 cx.
698 1174 990 1242 Secundumhme
1048 1176 1165 1240 diebus
1188 1197 1224 1240 ac
1250 1178 1400 1242 noctibus
1424 1177 1797 1266 populaperrigilante,

241 1277 354 1362 legam
382 1275 497 1339 iterari
522 1295 580 1340 eoa
609 1277 774 1360 oportuit,
804 1287 841 1338 ut
865 1276 989 1341 diserte
1048 1300 1114 1366 quo
1144 1279 1316 1355 docemur,
1350 1293 1419 1344 acta
1442 1291 1510 1344 tum
1537 1301 1693 1358 eaesae,
1715 1301 1798 1366 quae

241 1377 342 1444 tradit
378 1377 545 1454 Zosimus,
582 1391 657 1461 post
693 1379 895 1444 consulatum
931 1382 987 1444 1tt.

238 1481 444 1548 Constantini
473 1483 518 1546 M.
545 1493 578 1544 et
601 1479 739 1557 Licinii,
769 1481 824 1565 qui
848 1483 910 1546 luit
935 1505 991 1546 an·

238 1605 300 1648 nus
318 1585 358 1651 V.
373 1583 413 1668 C.
435 1583 532 1660 nobb,
555 1583 708 1646 nimirum
726 1597 779 1646 ter
795 1583 915 1668 elapsis
934 1609 989 1649 sn·

237 1687 289 1750 nis
307 1685 390 1764 ctt,
415 1684 474 1750 sed
491 1685 646 1768 neglecto
669 1687 732 1749 hae
755 1699 922 1770 tempore,
945 1701 990 1752 at·

234 1810 303 1874 que
330 1788 421 1852 iratis
444 1801 620 1872 propterca
637 1785 699 1850 diis
718 1809 788 1850 rem
807 1791 988 1852 Romanam

235 1890 280 1953 ad
318 1910 389 1954 eam
422 1889 649 1972 infelicitatem
683 1891 867 1974 prolapsam
898 1891 987 1954 idem

236 1993 413 2080 pueriliter
435 1993 658 2076 conqueritur.

301 2098 345 2159 At
365 2108 441 2158 sunt
463 2106 614 2157 auctores
637 2111 770 2176 graves,
796 2096 850 2180 qui
869 2095 988 2178 elapsis

233 2213 372 2263 centurn
405 2207 528 2258 tantum
555 2197 646 2260 annis
673 2195 819 2279 agendos
846 2197 990 2261 saecula·

236 2320 294 2364 res
322 2300 484 2372 docuere,
515 2297 667 2358 nimirum
695 2298 794 2383 quod·
813 2311 862 2360 tot
886 2321 988 2362 annos

235 2401 407 2466 saeculum
439 2399 535 2463 eirile
563 2400 807 2483 complectitur.
849 2404 987 2486 Magnos

234 2503 309 2586 ejus
336 2501 507 2566 doctrinae
538 2501 637 2566 vades
672 2503 750 2568 citat
776 2505 987 2580 Censorinus,

234 2603 605 2698 ValeriumAntiatem,
623 2606 825 2688 Varronem,
843 2605 985 2672 Livium.

234 2710 295 2772 His
324 2707 408 2771 adde
437 2707 650 2772 Claudianum
667 2705 717 2789 l’),
748 2723 782 2772 ct
812 2710 854 2772 D.
878 2711 987 2791 Augu·

233 2809 426 2893 rainone),
470 2831 609 2895 qnorum
652 2811 838 2874 testimonia
879 2812 987 2876 breri-

234 2913 310 2979 tatis
331 2933 427 2978 eausa
449 2927 635 2996 praetereo.
657 2915 700 2978 Et
723 2915 820 2979 video
843 2926 906 2977 tam
933 2936 986 2976 aa·

1047 1379 1135 1442 ludis
1150 1380 1370 1444 saecularibus
1384 1382 1511 1466 agenda
1524 1383 1722 1464 praeseribit
1737 1386 1799 1450 Zo-

1048 1484 1159 1547 simus.
1188 1482 1290 1566 Atqui
1310 1503 1395 1546 anno
1421 1501 1551 1570 quoqne
1571 1485 1661 1548 urbis
1687 1485 1799 1550 condi·

1048 1599 1099 1649 tae
1119 1585 1408 1652 saecularisacros
1427 1586 1527 1660 luisse
1547 1585 1642 1667 ludos
1657 1587 1797 1664 debitos,
1852 1593 1858 1598 '

1048 1707 1089 1750 ex
1106 1687 1253 1771 ejusdem
1272 1686 1417 1754 Victoris
1433 1687 1543 1751 serbis
1559 1689 1713 1772 colligas,
1732 1690 1799 1750 llo·
1927 1743 1929 1748 .

1047 1809 1216 1854 manorum
1250 1790 1409 1874 impietati
1443 1790 1589 1872 graviter
1616 1791 1798 1868 irascentis,

1046 1891 1134 1976 quod
1159 1910 1276 1955 annum
1302 1891 1341 1959 V·
1362 1893 1398 1954 C.
1423 1913 1501 1956 ttoo
1527 1890 1626 1955 nullis
1655 1891 1799 1955 solenni·

1046 1995 1106 2058 bus
1132 1995 1407 2080 frequentantem.

1110 2097 1202 2159 Haec
1228 2096 1361 2158 uberius
1389 2097 1582 2176 explicanda
1610 2095 1721 2171 luere,
1763 2109 1799 2158 ut

1046 2197 1235 2261 Maximiani
1277 2197 1514 2276 saecularibus,
1556 2217 1636 2280 quoa
1678 2218 1796 2261 numus

1046 2302 1100 2363 hic
1137 2299 1320 2383 eloquitur,
1360 2317 1402 2360 ex
1432 2299 1589 2361 alterutra
1620 2298 1696 2379 lege
1729 2299 1799 2360 ido·

1045 2421 1145 2466 neum
1167 2399 1372 2484 reperiamus
1391 2412 1531 2482 tempus.
1554 2400 1597 2462 At
1620 2399 1708 2460 enim
1731 2419 1799 2460 um·

1046 2505 1097 2566 uis
1131 2503 1294 2578 calculus,
1318 2521 1415 2587 quem
1443 2515 1668 2576 tentaveram,
1692 2501 1799 2562 incas·

1046 2627 1118 2669 sum
1146 2605 1277 2670 cecidit.
1322 2604 1452 2668 Adhibe
1486 2601 1631 2668 edictum
1657 2601 1799 2685 Augusti

1046 2724 1178 2774 centum
1211 2721 1245 2772 et
1281 2707 1399 2770 decem
1431 2725 1589 2770 annorum
1621 2701 1797 2768 intervallo
1845 2755 1848 2762 .

1045 2833 1163 2875 munus
1186 2809 1354 2879 saeculare
1380 2805 1694 2872 circumscribentis.
1739 2807 1799 2870 Se·

1045 2913 1188 2979 eundum
1218 2915 1303 2976 hane
1325 2911 1464 2995 Augusti
1492 2912 1602 2996 legem
1622 2913 1799 2994 ,postremi
1865 2903 1869 2916 '

234 3017 387 3082 ctoritate
417 3015 632 3102 scriptorum,
673 3039 767 3102 quam
799 3037 984 3093 rumorum,
1044 3029 1119 3081 ante
1140 3015 1376 3079 Maximianum
1403 3015 1589 3077 saeculares
1613 3011 1709 3075 luere
1734 3011 1797 3087 illi,

233 3120 318 3182 hane
342 3137 473 3205 quoque
496 3121 607 3204 legem
629 3119 663 3180 in
683 3119 819 3203 agendis
843 3120 985 3184 saecula·
1044 3139 1127 3204 quos
1152 3119 1221 3203 egit
1248 3119 1391 3182 Severus
1413 3135 1498 3199 anno
1517 3117 1559 3183 V·
1578 3117 1615 3179 C.
1635 3117 1708 3202 957.
1731 3113 1798 3177 Ad-

233 3223 325 3284 ribus
355 3235 486 3285 secutos
514 3223 748 3303 imperatores,
782 3219 841 3284 sed
863 3223 928 3299 sic,
950 3235 985 3284 ut
1044 3221 1086 3285 de
1110 3243 1212 3286 annos
1233 3221 1399 3320 tamtarn
1419 3219 1453 3280 iu
1480 3235 1564 3282 anno
1582 3218 1625 3284 V.
1645 3217 1681 3281 C.
1707 3213 1798 3298 1⁰67,

233 3341 294 3388 eos
327 3322 423 3386 annis
451 3321 543 3383 urbis
576 3323 728 3384 conditae
763 3323 984 3387 saecularibus
1043 3325 1098 3388 eui
1116 3337 1201 3387 teste
1226 3325 1299 3409 ipso
1315 3323 1449 3386 Zosimo
1471 3319 1797 3405 proximiaSetero

136 3465 141 3470 -
233 3421 539 3490 adcommodarent.
582 3423 637 3485 Sic
669 3420 840 3486 Claudium
876 3425 985 3508 egisse
1044 3427 1233 3490 saeculares
1280 3425 1496 3488 debebantur.
1548 3424 1590 3486 At
1633 3421 1801 3484 Maximia-

233 3527 421 3592 saeculares
442 3543 527 3590 anno
548 3525 590 3594 V.
613 3527 652 3590 C.
674 3525 755 3600 800,
787 3539 913 3588 certum
935 3543 986 3592 est
1042 3551 1104 3590 nus
1129 3527 1191 3608 jam
1214 3547 1299 3589 anno
1318 3529 1359 3595 V.
1381 3529 1418 3591 C.
1447 3529 1527 3596 1058
1548 3525 1724 3608 imperium
1742 3541 1801 3608 po·

233 3630 425 3696 testimonio
466 3627 590 3704 Taciti,
630 3641 663 3690 et
702 3626 888 3692 Censorini.
932 3630 984 3692 Da
1044 3632 1123 3705 suit,
1149 3629 1287 3692 subinde
1309 3631 1352 3697 V.
1373 3631 1408 3693 C.
1434 3627 1513 3692 subd
1539 3647 1556 3687 a
1580 3627 1797 3690 Constantino

234 3733 403 3798 Antonine
432 3717 638 3795 Pio'reiert
670 3729 826 3796 Aurelius
857 3731 985 3810 Victor,
1043 3735 1089 3795 M.
1124 3730 1165 3794 ad
1199 3741 1340 3795 mortem
1375 3727 1518 3793 adactus.
1568 3728 1683 3790 Latius
1711 3725 1799 3789 fallit

234 3857 356 3900 annum
385 3835 477 3900 urbis
503 3833 788 3919 nongentesimum
811 3835 984 3920 magnifice
1043 3835 1099 3897 lex
1124 3835 1245 3910 altera,
1278 3851 1361 3916 quae
1383 3829 1479 3900 ludos
1503 3827 1688 3893 saeculares
1714 3848 1800 3892 anno

235 3940 276 4003 ab
310 3959 352 4002 eo
383 3938 484 4002 luisse
515 3939 735 4016 celebratum,
769 3952 867 4022 atque
898 3936 985 4001 band
1043 3940 1084 4006 V.
1107 3939 1142 4001 C.
1171 3935 1332 4000 saeculari
1360 3932 1483 4017 adligit.
1527 3929 1633 4014 Hujus
1663 3929 1797 4014 generis

234 4043 335 4110 dubie
358 4043 443 4106 ludia
472 4039 709 4118 saecularibus,
739 4040 802 4102 etsi
823 4041 907 4106 barte
930 4062 986 4107 ro·
1041 4039 1212 4126 postremi
1225 4038 1338 4114 luere,
1362 4055 1444 4122 quoa
1474 4033 1656 4100 celebravit
1673 4031 1798 4116 Pltilip·

233 4169 309 4212 cem
334 4149 462 4210 omittat
485 4145 679 4216 historicas,
710 4141 881 4208 sedidem
907 4165 986 4230 quo·
1043 4165 1105 4228 pus
1142 4143 1182 4211 V.
1217 4143 1252 4206 C.
1290 4161 1380 4206 soor.
1424 4135 1552 4210 Verdm
1582 4137 1799 4200 Maximianus

235 4271 300 4334 que
325 4271 396 4314 eam
420 4250 453 4310 in
477 4249 635 4334 proximis
656 4246 886 4332 Philipporum
906 4247 985 4313 omi·
1043 4245 1084 4310 ad
1107 4244 1282 4329 imperium
1311 4255 1446 4308 erectus
1473 4243 1515 4310 V.
1543 4244 1580 4308 C.
1603 4239 1700 4324 1039,
1728 4259 1801 4304 eae-

132 4403 138 4412 .
237 4351 295 4426 sit,
318 4372 399 4436 quos
417 4351 771 4416 certoeonstatluisse
789 4343 985 4514 saeculap‘a.
1044 4370 1099 4413 sus
1116 4349 1161 4415 v.
1178 4349 1217 4413 C.
1240 4347 1456 4414 rotid‘annum
1478 4345 1576 4416 VC.
1594 4343 1796 4408 saecularem

144 4461 155 4470 ”
238 4451 350 4515 Ludus
380 4476 464 4518 anno
494 4455 537 4524 V.
568 4456 603 4519 C.
638 4475 713 4518 root
751 4449 924 4538 imperanti
949 4475 986 4515 us
1043 4471 1111 4515 non
1142 4453 1261 4540 attigit.
1306 4449 1461 4540 Accedit,
1501 4447 1690 4512 Maximiani
1728 4465 1799 4509 sac·

1584 4595 1789 4614 -———-

273 4667 355 4742 n)in
375 4669 482 4729 Domit.
504 4691 529 4734 c.
549 4683 576 4734 4.
692 4673 727 4748 b)
748 4674 785 4731 de
805 4669 1031 4734 consulatuVl.
1050 4628 1184 4730 lionoriii
1251 4661 1255 4668 ’
1305 4653 1392 4750 esde
1412 4664 1563 4726 ctuttet.
1583 4663 1616 4722 L.
1637 4661 1687 4723 lli
1708 4681 1733 4722 c.
1755 4672 1798 4726 lb.
