4476 5564
930 1055 1332 1240 ,carun
1392 1057 1489 1172 ιιι.

563 1446 624 1504 nr
648 1438 942 1520 commutem
966 1401 1163 1511 unxtrso,
1193 1427 1257 1498 er
1277 1401 1571 1500 esccanobms
1595 1437 1901 1508 Arct'nronrtt

1069 1617 1132 1680 nr
1148 1617 1395 1682 caesam-’ta

457 1947 657 2074 inquirere,
679 2003 763 2070 quae
783 1979 885 2048 inerit
905 1981 1129 2048 ministrarum
1150 2003 1209 2046 re·v
1259 2003 1331 2046 uum
1354 1981 1442 2048 iuste
1463 1981 1597 2048 fortunis
1618 1983 1719 2053 incidi
1743 1985 1776 2048 io
1804 1987 2003 2058 dissertatio.

458 2090 591 2176 liginuis
619 2088 654 2152 iss
681 2086 763 2178 urbe
795 2086 908 2170 origo,
938 2107 1022 2170 quase
1051 2087 1200 2162 varietas,
1226 2171 1228 2176 Ι
1257 2105 1335 2148 nem
1355 2084 1660 2176 Bimerdi'Barnuis,
1691 2089 1733 2152 de
1765 2091 1798 2154 iu
1817 2093 1929 2157 Battie
1960 2101 2000 2162 da

423 2227 431 2234 ·
459 2193 533 2278 qnia
549 2211 762 2276 progressus,
774 2253 778 2262 ,
792 2208 890 2252 nemo
906 2208 972 2250 nou
989 2187 1160 2270 intelligit,
1184 2211 1202 2250 a
1252 2191 1443 2270 pontificatu
1456 2192 1598 2253 macinae
1612 2193 1839 2271 imperciamus
1846 2198 2005 2261 Romano»

458 2315 534 2360 meo
552 2294 699 2357 instituto
718 2291 815 2376 planu
834 2308 908 2353 esse
925 2278 1077 2368 alieu'um.
1108 2288 1200 2354 istud
1257 2309 1343 2366 runs,
1375 2286 1467 2368 cnjus
1497 2308 1577 2376 pars
1605 2289 1703 2378 princ
1722 2306 1835 2360 ,exstat
1856 2294 1890 2356 in
1912 2295 2002 2358 seu·

459 2397 515 2484 qui
545 2395 675 2478 penitus
704 2412 802 2480 posse
833 2390 940 2474 cupit,
976 2403 1200 2474 praeparatam
1255 2388 1442 2453 academiae
1484 2385 1734 2473 inscriptionum
1779 2398 1885 2468 Temo
1928 2398 2005 2466 xit..

334 2537 340 2552 ι
452 2499 606 2582 *reperiet
633 2494 820 2568 materiam,
846 2503 881 2554 et
909 2491 1078 2573 praeclare
1101 2511 1199 2578 expo·
1257 2487 1357 2554 bie'm.
1378 2510 1452 2574 pag.
1472 2489 1536 2556 355
1560 2510 1663 2574 usquc
1687 2491 1727 2558 ad
1752 2495 1866 2573 iine'm,
1899 2498 2003 2568 alters

437 2601 551 2674 ¹sitam
569 2596 611 2662 ab
629 2593 855 2658 eruditissimis
873 2589 1116 2658 livirialacobo
1135 2593 1199 2656 Gu·
1259 2593 1365 2656 Τοιιιο
1388 2591 1460 2659 XV·
1489 2589 1567 2654 iuda
1594 2613 1711 2678 apag.
1735 2594 1787 2660 de.
1829 2599 1894 2664 Hic
1915 2621 2002 2666 com.

457 2697 592 2762 tberio'
582 2717 615 2760 ιιι
634 2716 755 2779 opere:
778 2702 818 2763 ds
835 2699 934 2760 ueteri
944 2701 1023 2774 jors
1033 2699 1199 2778 pontificio
1258 2691 1454 2769 mentsrius,
1495 2693 1551 2778 qui
1572 2696 1688 2759 nescio
1716 2700 1882 2782 quomode
1905 2717 2002 2769 antes

456 2805 548 2865 urhis
571 2805 707 2875 Romae,
732 2798 819 2881 quod
841 2796 999 2857 insertum
1022 2810 1073 2859 est
1094 2799 1200 2859 'somn
1257 2811 1310 2858 mc
1333 2793 1480 2876 fugerat,
1502 2793 1597 2859 aride
1620 2819 1639 2860 a
1660 2819 1714 2862 me
1737 2801 1905 2899 perlectus
1928 2826 2004 2868 cum

457 2904 499 2972 V.
539 2901 762 2986 antiquitatum
798 2903 1019 2966 Romanarum
1057 2899 1200 2976 Graevii,
1256 2895 1354 2980 piane
1373 2915 1559 2978 congruere
1573 2918 1649 2962 cum
1667 2900 1728 2977 iis,
1759 2922 1844 2986 quae
1864 2905 2004 2992 scripse·

458 3002 638 3068 ctAndrea
653 3001 777 3067 Bosio
767 3022 802 3064 su
816 3003 1202 3066 Exercitutisoelts'stori·
1257 3019 1344 3080 ram,
1379 2996 1568 3082 rideretur,
1602 3021 1641 3068 ac
1671 3017 1844 3086 pmnturea
1874 3001 2002 3086 ordine

458 3129 498 3172 cu
521 3112 561 3169 do
584 3110 734 3186 pontifice
759 3109 902 3170 monimo
928 3105 1048 3166 Romae
1074 3106 1210 3182 ueteris,
1256 3099 1505 3188 perspicuitate,
1545 3099 1731 3170 eruditione
1766 3125 1873 3172 meam
1902 3109 2002 3194 lunga
2081 3129 2087 3152 ι

458 3207 577 3272 undem
594 3207 668 3270 loca
682 3203 792 3269 alteras
805 3219 889 3286 typis
904 3217 1066 3276 restituta,
1085 3203 1200 3286 quibus
1258 3221 1414 3293 superare
1448 3203 1668 3286 diligentiam,
1708 3207 1781 3289 cepi
1810 3211 2001 3293 cumdium,

455 3308 641 3373 addendum
660 3297 799 3371 aiterum
816 3304 963 3388 ejusdem
979 3325 1059 3386 opus
1075 3311 1202 3388 deposs-
1258 3303 1378 3368 lectori
1401 3324 1603 3396 nequaquam
1631 3307 1887 3392 displiciturum,
1909 3335 2003 3400 pesa·

457 3417 580 3494 sificatio
592 3414 734 3474 monimo
750 3414 975 3490 imperatorum
988 3411 1201 3472 domnorum
1255 3405 1344 3474 clera
1369 3404 1439 3489 'ejus
1462 3422 1637 3492 praecepta
1657 3423 1790 3474 serrato
1805 3415 1932 3482 ,eudem
1951 3439 2013 3486 ut·¹

452 3516 887 3594 praecipuec'driats'aoomm
902 3508 1023 3570 ibidem
1039 3527 1201 3570 recusum.
1259 3507 1334 3570 dine
1352 3509 1415 3570 huc
1432 3509 1641 3586 conferendi,
1666 3511 1713 3574 sic
1729 3525 1855 3594 tamen,
1878 3532 1914 3583 ut
1931 3519 2002 3601 ejas

456 3613 559 3676 Nobis
576 3615 610 3675 in
635 3625 808 3696 praesenta
829 3610 934 3694 capito
952 3630 1062 3672 sermo
1078 3624 1199 3671 tantum
1257 3609 1484 3674 abundantiam
1510 3613 1609 3678 simus
1635 3615 1832 3693 coercitnri,
1856 3633 1889 3681 et
1913 3619 2002 3683 addi·

456 3715 521 3780 erit
543 3717 585 3779 dc
608 3714 800 3780 sacerdotiis
824 3717 1060 3794 Augustorum,
1087 3714 1199 3775 Caesa·
1256 3713 1323 3774 turi
1343 3733 1461 3798 panca,
1484 3725 1565 3797 quae
1588 3713 1630 3780 ad
1653 3737 1724 3778 rem
1747 3715 1867 3781 idonea
1885 3717 1926 3782 ab
1947 3739 2002 3784 nu·

455 3837 614 3900 rumque,
637 3817 723 3900 quod
741 3825 966 3899 sngumcutum
983 3816 1051 3878 sive
1063 3836 1108 3886 ,es
1124 3834 1199 3898 pro·
1249 3829 1350 3880 setene
1371 3818 1547 3899 praeterita
1570 3817 1774 3884 ridebantur.

442 3921 583 4000 ,pusitm
606 3919 679 3982 sire
702 3940 775 3982 cum
800 3917 926 3979 occasio
950 3917 1039 3990 tuiis,
1068 3929 1201 3999 praeter
1322 3913 1470 4008 Quntuor
1491 3919 1649 4002 capitibus
1671 3919 1856 3984 uniuersam
1880 3919 2061 3984 ductri·'
2194 3919 2195 3928 ’

456 4021 603 4081 laudatos
641 4021 759 4082 linires
803 4017 1030 4081 illustrandum
1070 4036 1199 4100 quoque
1256 4037 1328 4079 nam
1355 4019 1599 4101 complectitur,
1633 4023 1830 4108 inquorum
1855 4025 1880 4085 1.
1906 4041 2001 4106 quae·

456 4127 635 4204 suscepero
655 4117 834 4192 baronius,
858 4120 996 4202 Pagina,
1020 4119 1200 4181 Tilicmon·
1256 4119 1314 4194 rit,
1338 4119 1426 4202 quod
1449 4119 1549 4186 suerit
1571 4123 1749 4188 discrimen
1768 4127 1856 4189 inter
1873 4121 2002 4209 pontib-

454 4223 536 4298 tins,
559 4219 791 4303 spanhemius,
815 4219 950 4303 aliique,
974 4241 1009 4282 ac
1031 4235 1198 4305 postremo
1253 4235 1362 4284 catum
1388 4224 1561 4288 maximum
1587 4227 1670 4309 reip.
1695 4229 1752 4304 tt„
1795 4241 1829 4290 et
1861 4227 2000 4312 impers-

454 4323 553 4387 abbas
577 4321 796 4385 ¹bisunciensis
827 4321 860 4380 in
890 4320 1016 4402 prolixa
1046 4323 1198 4386 Animud-
1256 4324 1385 4387 turum?
1406 4327 1445 4387 11.
1461 4325 1536 4416 Qun
1551 4339 1700 4412 tempora
1717 4329 1922 4415 pontificatus
1937 4349 2003 4392 ms·

454 4425 608 4490 rerainnc
631 4425 673 4488 de
696 4421 851 4509 pontifice
878 4425 1026 4488 maximo.
1069 4427 1196 4493 Horum
1255 4429 1359 4491 ximus
1383 4427 1620 4504 ,communicari
1649 4450 1722 4492 cum
1751 4431 1901 4515 pluribus
1926 4450 2001 4494 cna·

454 4547 518 4610 ego
541 4529 718 4611 praeclaris
748 4529 989 4591 commentariis
1018 4550 1094 4590 usus
1116 4529 1200 4592 mui·
1254 4533 1357 4613 perit,
1379 4546 1413 4595 et
1434 4544 1543 4594 utrum
1566 4531 1663 4595 etiam
1683 4529 1758 4596 cuin
1781 4531 1998 4598 Caesaribus?

452 4643 485 4692 ts
517 4631 558 4694 do
597 4629 661 4696 boc
698 4648 890 4716 argumento
926 4633 1197 4720 conscripseram,
1254 4635 1309 4696 lli.
1340 4635 1390 4696 Au
1412 4635 1551 4722 Augusti
1577 4633 1886 4719 pontificatusmsx.
1910 4634 2002 4701 mini·
