4404 5564
482 573 531 642 p
1062 545 1447 622 seorsus

493 745 575 804 trus,
597 723 653 811 qui
671 718 800 786 nonnisi
815 717 867 782 die
884 717 967 781 x111.
985 712 1140 782 Octobris
1155 719 1231 782 anni
1288 738 1389 782 onnus
1419 743 1451 793 ς.
1487 715 1665 800 (Pellerin,
1703 717 1866 801 starent.)
1922 717 2064 788 Miror,

490 825 551 892 826
568 844 703 889 currere
718 833 837 906 coepit.
860 818 933 882 Erit
951 839 1032 902 ergo
1050 821 1229 884 secundum
1289 837 1460 904 utrumque
1477 820 1564 884 hunc
1583 841 1733 894 numum,
1759 834 1813 882 aut
1837 822 1977 884 saltem
2007 841 2065 882 co·

490 925 765 992 Sancleutentium
791 943 948 988 annorum
972 920 1230 988 combinatorum
1288 919 1367 988 rum'
1382 924 1525 1007 priorem
1550 923 1673 1006 fugisse
1692 922 1884 986 industriam
1911 923 2067 986 Saucie-

491 1031 571 1094 ordo
587 1047 737 1110 sequens.
958 1045 962 1052 ·
1290 1026 1411 1090 mentii.
1432 1024 1598 1090 Praeciari
1620 1027 1690 1109 ejus
1708 1025 1771 1090 viri
1787 1047 1882 1090 more
1907 1027 2067 1090 calculis

550 1132 592 1194 V.
606 1131 642 1194 C.
658 1131 720 1193 815
736 1127 789 1191 die
805 1128 889 1188 XIII.
905 1123 1023 1190 Octob.
1039 1127 1148 1210 coepit
1168 1128 1232 1188 Ne·
1290 1151 1359 1192 rem
1375 1149 1515 1212 agamus.
1539 1128 1655 1210 Coepit
1673 1151 1773 1190 annus
1792 1151 1892 1194 aerae
1916 1127 2008 1194 ΗΡ.
2030 1129 2067 1190 in

424 1277 426 1284 ·
487 1235 576 1296 renis
599 1253 699 1294 annus
723 1231 796 1306 tx„
830 1250 889 1292 seu
912 1225 952 1292 Θ.
980 1227 1141 1292 Currebet
1165 1239 1230 1290 tum
1290 1245 1442 1294 autumno
1459 1231 1497 1290 U.
1515 1229 1645 1306 (ᾄδω,
1667 1231 1847 1313 etquidem
1864 1255 1913 1296 ex
1935 1245 2065 1294 mente

488 1335 816 1406 adltucannusaerae
834 1329 888 1393 tP.
1292 1331 1524 1395 Sanclementii
1557 1332 1590 1392 in
1623 1329 1687 1394 {ine
1718 1333 1885 1397 Octobris.
1931 1335 2066 1396 Annus

551 1434 618 1499 Sub
637 1433 736 1494 finem
755 1431 902 1515 ejusdem
918 1429 1037 1494 mensis
1055 1427 1164 1511 coepit
1179 1449 1231 1490 an·
1289 1433 1428 1496 Neronis
1445 1434 1474 1494 E
1496 1430 1606 1514 coepit
1629 1429 1681 1494 die
1703 1435 1786 1496 XIII.
1805 1435 1935 1502 octob,
1960 1437 2008 1498 U.
2024 1437 2063 1500 C,

485 1559 545 1602 nus
570 1534 770 1614 aeraeAIP.
800 1534 880 1596 Cum
900 1532 964 1596 hoc
979 1551 1060 1614 ergo
1079 1530 1232 1595 currebat
1288 1537 1347 1598 811
1367 1535 1512 1598 exiturus
1534 1532 1650 1596 eodem
1673 1533 1726 1598 die
1746 1537 1787 1602 U,
1808 1538 1844 1602 C.
1861 1540 1946 1603 812.
1975 1537 2065 1630 Quo

485 1662 587 1706 sunus
605 1635 747 1702 Neronis
767 1632 813 1713 Θ,
841 1649 938 1720 atque
954 1634 1041 1698 idem
1059 1633 1158 1697 exivit
1177 1631 1230 1694 die
1287 1637 1389 1720 igitur
1408 1649 1503 1719 pacto
1521 1656 1622 1697 annus
1638 1635 1667 1695 E
1687 1635 1805 1698 sociari
1828 1655 1947 1723 potest
1976 1662 2060 1704 cum
2182 1707 2183 1726 ,

484 1745 571 1810 x111.
584 1737 738 1804 Octobris
754 1737 794 1802 U.
813 1737 946 1813 0816,
971 1749 1125 1800 currente
1142 1733 1232 1823 dein·
1288 1733 1920 1822 annoucracHP.,quinonnIsiafine
1939 1743 2058 1805 Octo·
2182 1767 2183 1772 ¹

486 1867 564 1930 ceps
600 1863 682 1908 anno
712 1843 735 1904 I.
762 1839 883 1902 sociato
917 1858 991 1901 cum
1018 1858 1103 1900 anno
1134 1857 1229 1899 aerae
1287 1840 1354 1902 bris
1372 1841 1410 1904 U.
1426 1841 1461 1904 C.
1480 1841 1552 1903 812.
1572 1837 1686 1906 fluxit?
1708 1843 1774 1902 Iam
1794 1842 1894 1924 igitur
1916 1865 2059 1928 suppo·

490 1946 580 2012 ttP.
597 1963 699 2029 usque
720 1939 759 2004 ad
777 1940 922 2023 ejusdem
943 1939 1098 2004 Octobris
1113 1939 1228 2015 finem,
1287 1963 1416 2017 namus,
1446 1961 1554 2003 aeram
1577 1942 1726 2024 coepisse
1751 1963 1863 2006 mense
1885 1947 2058 2030 Septem·

486 2069 551 2132 quo
575 2045 694 2110 deinde
721 2042 846 2104 initium
869 2041 982 2106 habuit
1007 2063 1108 2105 annus
1133 2060 1229 2102 aerae
1284 2044 1352 2120 bri,
1376 2055 1431 2105 aut
1452 2055 1544 2106 certe
1570 2055 1643 2104 ante
1662 2042 1750 2106 dIem
1765 2045 1849 2113 XIII.
1865 2047 2053 2113 Octobris,

485 2147 576 2227 BIP,
612 2168 684 2211 cum
708 2167 772 2230 quo
793 2145 875 2210 sdco
903 2139 1065 2229 ἅναλοεγως
1085 2142 1232 2226 jungitur
1286 2141 1511 2235 Quaiicunque
1528 2165 1609 2228 crgo
1629 2143 1698 2225 ejus
1715 2147 1872 2228 temporis
1885 2147 1942 2212 die
1954 2151 2002 2213 U.
2013 2151 2052 2212 C.

487 2272 587 2314 annus
604 2248 745 2312 Neronis
763 2249 787 2312 1.
1286 2249 1358 2311 812.
1376 2247 1485 2328 coepit
1501 2267 1601 2307 annus
1616 2243 1707 2322 HP.,
1732 2261 1766 2310 et
1784 2269 1858 2310 cnm
1879 2248 1947 2315 hoc
1968 2273 2051 2315 cur-

550 2351 624 2446 Quo
648 2351 726 2414 olim
753 2362 900 2432 tempore
920 2346 953 2408 iu
977 2366 1093 2410 numos
1119 2345 1231 2406 Antio·
1287 2347 1380 2408 rebat
1397 2347 1501 2408 adhuc
1516 2369 1616 2410 annus
1631 2348 1772 2414 Neronis
1785 2350 1814 2410 Ε
1827 2367 1970 2435 coeptus
1990 2353 2050 2416 die

487 2457 610 2518 chenos
632 2450 893 2527 commentabar,
918 2470 1041 2532 eosque
1067 2469 1232 2510 commen·
1288 2451 1373 2512 xltt.
1390 2449 1508 2514 Octob.
1524 2451 1563 2516 U.
1579 2451 1614 2512 C.
1631 2452 1703 2514 8tt.
1722 2451 1868 2514 exiturus
1885 2456 2048 2536 proximo

486 2557 587 2618 tarios
603 2575 686 2618 anno
706 2551 1066 2637 mediolanensem,
1085 2571 1154 2613 eam
1172 2549 1232 2610 dif—
1290 2550 1343 2613 dic
1360 2552 1444 2614 xltl.
1460 2549 1580 2616 Octob.
1597 2553 1676 2628 812,
1701 2573 1765 2636 quo
1788 2554 1911 2637 incepit
1935 2579 2047 2619 annus

485 2659 663 2721 Iicultatetn
678 2676 744 2718 non
760 2655 862 2738 attigi,
878 2674 984 2736 neque
1002 2652 1163 2735 attingere
1177 2672 1235 2734 po·
1289 2653 1429 2714 Neronis
1446 2679 1477 2727 ς.
1503 2652 1712 2746 Quapropter
1726 2669 1761 2717 ut
1776 2655 2046 2722 Sancleinentius

484 2759 546 2835 tui,
578 2757 698 2842 quippe
720 2756 872 2820 nondum
900 2769 967 2817 tum
988 2755 1067 2814 mihi
1099 2755 1232 2837 cognito
1290 2777 1330 2818 cx
1357 2753 1463 2816 onmis
1494 2756 1559 2817 suia
1581 2755 1747 2838 probarit,
1784 2757 1909 2822 initium
1940 2783 2045 2826 aerae

486 2877 585 2920 numo
604 2857 691 2924 ΑΙΡ.
713 2859 757 2933 Ι.,
780 2879 877 2941 quem
895 2855 1014 2918 deinde
1032 2857 1065 2916 in
1084 2857 1232 2937 catalogo
1291 2856 1514 2919 Antiochense
1533 2877 1608 2920 esse
1632 2857 1869 2940 differendum,
1901 2862 1947 2928 its
1976 2887 2045 2950 ego

488 2961 714 3041 d'Enneryano
746 2958 869 3040 reperi.
910 2959 996 3026 Eum
1030 2955 1166 3018 subinde
1200 2957 1234 3018 in
1292 2979 1333 3020 cx
1351 2958 1451 3036 meis,
1473 2978 1547 3024 esse
1568 2961 1816 3044 anticipandum.

466 3059 550 3122 'hoc
570 3079 671 3143 opere
689 3059 841 3122 loc0⁴suo
857 3058 981 3122 inserui
1000 3057 1149 3142 quidem,
1175 3057 1234 3120 sed
1271 3069 1274 3082 '
1710 3105 1717 3119 .

489 3159 578 3244 quod
597 3159 671 3223 fieri
691 3161 862 3240 debuerat,
893 3161 1063 3245 utriusque
1089 3160 1161 3222 anni
1179 3181 1233 3221 na·
1474 3143 1504 3204 Ρ
1504 3191 1513 3209 ·
1523 3145 1597 3211 3⁰⁰·
1615 3149 1677 3212 001·
1693 3165 1722 3210 Ω·
1739 3149 1800 3216 tta.
1813 3151 1861 3218 ¹5·

362 3263 366 3268 ’
486 3277 593 3326 turam
610 3263 809 3350 investigare
828 3265 977 3346 neglexi,
1005 3263 1093 3348 quod
1111 3283 1196 3324 nunc
1214 3284 1233 3324 a
1354 3263 1432 3348 quin
1448 3277 1481 3326 et
1499 3266 1671 3330 Commodi
1690 3282 1724 3332 ct
1741 3271 1870 3338 Severi.
1888 3273 2044 3356 (Lettere

489 3366 732 3430 SanclementIo
749 3367 955 3451 praestitum,
979 3380 1014 3430 et
1031 3367 1073 3429 its
1090 3365 1234 3450 quidem,
1295 3369 1334 3430 T.
1352 3367 1408 3435 tv.
1421 3388 1452 3451 p.
1470 3369 1537 3449 38.)

488 3483 523 3532 ut
542 3468 617 3532 satis
630 3482 747 3553 pateat,
767 3489 808 3532 ex
823 3471 940 3532 horum
957 3490 1128 3532 rumorum
1145 3489 1236 3551 prae-

488 3585 586 3654 cepto
608 3593 703 3634 acrae
724 3570 947 3634 Antiochense
963 3570 1089 3633 initium
1105 3571 1235 3655 longius
1318 3571 1325 3580 '
1467 3554 1497 3615 Ρ
1497 3600 1505 3618 ·
1523 3553 1596 3632 3¹4·
1613 3557 1676 3619 0⁰1·
1690 3577 1717 3623 ¹·
1733 3559 1793 3621 ‘1⁸¹²-
1810 3557 1862 3624 ³8·

489 3695 561 3738 esse
588 3671 823 3752 differendum,
851 3693 1021 3756 meamque
1048 3687 1081 3736 et
1097 3674 1235 3736 aliorum
1356 3675 1501 3742 Necesse
1524 3689 1589 3751 est,
1612 3697 1727 3740 verum
1745 3679 1838 3742 numi
1860 3677 1957 3762 hujus
1979 3695 2044 3746 sta-

489 3777 682 3840 sentcntiam
704 3775 833 3858 adfligi,
865 3776 920 3859 qui
942 3774 1012 3857 ejus
1043 3775 1169 3838 initium
1199 3775 1234 3836 in
1294 3789 1360 3838 tum
1390 3777 1516 3860 planius
1544 3777 1751 3857 describere,
1795 3781 1852 3865 qui
1875 3781 1995 3846 iterum
2024 3807 2043 3848 a

490 3871 718 3964 Septembrem
757 3890 977 3940 retraxerunt.
1022 3876 1090 3940 Sed
1133 3876 1233 3940 suisso
1293 3899 1344 3940 me
1364 3879 1517 3943 adcurate
1537 3881 1701 3964 inspectus
1720 3873 1877 3947 talisest:

490 3981 570 4042 milti
591 3982 677 4042 istud
698 3979 860 4044 statuendi
880 4000 1022 4057 causam,
1048 3977 1234 4062 etquidem
1354 4023 1523 4047 ......
1545 3981 1649 4050 ΝΕΡ.
1679 3987 1798 4049 ΚΑΙΟ.
1828 3987 1933 4052 ΤΡᾸ.
1957 4021 1972 4038 ·
1991 4023 2008 4038 -
2029 4021 2043 4038 ·

489 4105 529 4148 ex
550 4083 601 4144 Iris
620 4082 698 4166 ipsis
721 4083 819 4147 etiarn
835 4082 977 4145 Neronis
999 4081 1105 4144 nuntie
1121 4081 1235 4143 Antio-
1295 4081 1402 4162 Caput
1432 4085 1518 4144 laur.
1554 4082 1581 4157 Ξ
1612 4082 1892 4152 ΓΑΒΑΛΕΩΝ.
1922 4084 2041 4158 ΓΜΡ.

490 4185 619 4262 chenis,
642 4187 740 4248 modo
756 4183 971 4268 comprobare
989 4184 1169 4259 instituam,
1192 4203 1233 4246 ex
1295 4185 1421 4247 Mulier
1443 4185 1593 4264 tutulotc
1608 4193 1726 4255 sedens
1740 4195 1771 4254 d.
1791 4195 1915 4270 spicas,
1939 4215 1967 4258 s.
1981 4193 2043 4256 lta·

490 4309 554 4374 quo
573 4288 721 4352 examine
737 4287 859 4370 patebit
880 4287 994 4362 etiam,
1017 4287 1044 4350 si
1068 4285 1124 4369 qui
1143 4285 1234 4347 numi
1290 4299 1394 4362 stom,
1413 4309 1497 4368 prae
1515 4289 1584 4366 ejus
1598 4295 1738 4371 pedibus
1754 4295 1837 4356 IIIP.

490 4389 966 4474 suffrsganturSanclementio,
974 4389 1132 4472 refragari
1142 4389 1233 4452 elios.
1354 4387 1434 4472 Ejus
1453 4387 1577 4456 similes
1594 4391 1675 4456 duos
1691 4397 1772 4460 alios
1789 4395 1841 4458 bis
1852 4397 1963 4461 verbis
1982 4396 2044 4462 de·

490 4495 625 4558 Exstant
643 4493 707 4556 duo
726 4492 962 4558 tetrndracbma
979 4492 1137 4568 Neronis,
1155 4513 1233 4576 quo·
1291 4490 1404 4554 scribit
1433 4490 1543 4558 Abbas
1568 4495 1730 4576 Sestinus,
1764 4499 1916 4583 (Lettero
1941 4503 1981 4566 Τ.
1996 4501 2041 4568 V.

489 4617 561 4658 rum
579 4596 706 4680 singula
723 4595 877 4658 exhibent
895 4617 1012 4660 annum
1031 4619 1126 4660 acrae
1142 4593 1233 4670 HP.,
1292 4615 1324 4680 p.
1335 4595 1484 4676 vatt.)
1912 4639 1918 4654 .

491 4712 522 4760 at
546 4699 579 4759 in
604 4699 720 4760 hornut
743 4719 809 4762 uno
834 4711 883 4761 est
906 4720 1007 4760 annus
1025 4699 1166 4761 Neronis
1188 4697 1232 4772 E,
1355 4694 1460 4763 NGP.
1516 4697 1636 4762 KAIC.
1692 4701 1884 4767 TPAIAN.
1942 4703 2041 4772 (ΖΕΒ.

492 4800 605 4883 (Nonis
627 4802 742 4884 cpooh.
762 4801 890 4884 Syrum.
912 4823 944 4886 p.
957 4802 1046 4884 489.)
1070 4801 1104 4862 in
1128 4799 1232 4866 altero
1290 4795 1435 4866 sCPM.
1467 4801 1574 4882 Caput
1596 4805 1681 4871 laur.
1711 4799 2040 4874 ΞΓΑΒΑΛΕΩΝ.
