4476 5564
328 291 332 300 ι
449 371 524 454 ppp
897 323 899 331 ,
1084 343 1281 422 CAPVT
1318 342 1364 422 X.

450 548 500 632 pit
522 541 574 605 die
598 537 716 604 xxlx.
737 531 877 616 augusti
899 527 969 631 ejus
991 527 1084 602 unni,
1109 525 1200 590 dein·
1256 527 1588 592 anacronismum
1598 527 2004 620 ,quemimpertiuntVo-

451 649 494 710 de
518 665 561 710 ex
576 639 768 712 Trebellio,
790 636 846 722 qui
862 623 993 698 senatus
1015 629 1198 692 consultum
1256 631 1382 692 lusiano
1403 651 1467 692 nou
1487 631 1585 694 modo
1603 654 1692 695 nunn
1683 633 1796 699 obvii
1814 630 1854 696 ad
1874 645 2002 713 posna-

451 745 557 814 reiert
580 742 622 804 du
645 739 824 809 Valeriano
852 729 1031 814 deligendo
1061 747 1199 795 censore
1257 751 1345 793 mum
1373 731 1468 809 huius
1496 753 1614 794 annunt
1646 759 1662 796 a
1694 753 1745 795 nte
1768 733 1920 810 indicati,
1943 733 2002 798 sed

452 853 573 915 lactum
598 842 724 906 duobus
744 836 856 902 Deciis
877 853 946 898 cos.
964 833 1024 900 Vl.
1040 831 1115 896 Kal.
1135 833 1200 895 tt‘o·
1257 835 1354 900 etiam
1375 853 1520 899 marmor
1537 835 1678 918 optimas
1695 833 1775 899 lidei
1795 857 1814 897 a
1831 835 2002 900 llarthcle·

453 949 578 1020 aaran,
601 936 925 1024 missumqucDecio
946 931 1200 1012 adbuoriw).
1257 955 1332 1018 myo
1360 936 1542 1018 vulgatum,
1571 953 1605 1000 ot
1637 959 1655 1000 a
1685 957 1737 998 me
1768 937 1810 997 in.
1832 936 2001 1002 Volusiani

420 1117 422 1124 ,
455 1055 495 1114 ιι
514 1047 579 1111 duc
598 1043 694 1112 Decii
709 1041 804 1118 fuere
823 1036 974 1102 consules
992 1035 1033 1100 V·
1052 1038 1091 1098 C.
1110 1043 1200 1109 root,
1233 1050 1388 1100 'moneta
1418 1038 1613 1106 restitutum.
1653 1039 1806 1112 -Etenim,
1838 1037 1945 1120 sjuut,
1974 1041 2003 1106 si

360 1174 362 1182 ι
454 1153 511 1235 qui
540 1168 642 1214 annus
673 1143 735 1205 tait
755 1141 852 1204 Decii
872 1151 1075 1228 postremus.
1118 1137 1200 1198 Cum
1259 1138 1438 1200 tribunatus
1461 1138 1597 1220 ill-jam
1620 1138 2003 1204 nimiusest·inTrebo·

455 1272 539 1334 argo
555 1250 590 1312 in
607 1245 713 1312 Decio
732 1241 885 1304 deficiant
903 1238 1009 1314 numi,
1029 1236 1113 1300 nihil
1131 1256 1203 1300 cer·
1258 1240 1371 1311 niano,
1402 1243 1507 1322 qua-is
1525 1240 1651 1300 ratione
1669 1242 1791 1322 poterit
1811 1256 2001 1324 competere

451 1368 521 1418 ιιιιιι
557 1351 598 1412 do
630 1348 728 1410 modo
758 1346 894 1406 iteratae
923 1339 1000 1406 trib.
1030 1337 1199 1427 potestatis
1258 1339 1453 1416 Volusiano,
1477 1341 1532 1425 qui
1556 1342 1720 1422 aliquanto
1749 1355 1899 1426 tempore
1925 1343 2004 1404 Cae-

452 1471 625 1542 posaumus
649 1447 833 1515 adfirmare.
1256 1462 1310 1503 sar
1337 1441 1414 1516 fuit,
1435 1457 1607 1526 antequam
1634 1442 1772 1524 Augusti
1798 1445 1946 1518 titulum,
1969 1455 2003 1506 et

781 1615 783 1618 ¹
899 1588 903 1600 .
1255 1545 1463 1624 conjunctam
1498 1564 1571 1606 oum
1605 1545 1668 1606 huc
1702 1542 1778 1608 trib.
1808 1559 2003 1630 potestatem

630 1651 956 1721 rneeonmn
963 1651 993 1710 V
998 1648 1035 1713 »5¹
1256 1641 1519 1761 adipisceretur?
1542 1648 1637 1708 Esset
1656 1646 1708 1708 bic
1728 1647 1830 1709 nodus
1851 1667 1893 1710 ex
1910 1667 2003 1732 prse-

1256 1748 1360 1836 cipuis
1383 1768 1482 1821 unus,
1512 1747 1574 1809 nisi
1600 1749 1819 1867 uuamplum'
1809 1771 1872 1831 Jant
1889 1750 2003 1842 ,praei

397 1889 400 1894 Δ
517 1852 624 1950 Quam
662 1865 769 1916 arctos
805 1849 902 1930 liujus
940 1846 1081 1929 imperio
1116 1843 1200 1909 fines
1258 1849 1689 1931 vissethilippusjnnior,
1707 1852 1767 1942 qui
1793 1864 1827 1912 at
1854 1852 1925 1934 ipse
1950 1871 2004 1917 ae·

451 1955 725 2073 praescripserint
740 1952 890 2018 historici
905 1965 1053 2028 veteres,
1071 1945 1198 2010 abunde
1258 1963 1385 2036 quatum
1408 1971 1546 2012 nurnero
1568 1971 1639 2013 curn
1659 1965 1751 2035 patre
1769 1951 1846 2020 trib.
1862 1966 2002 2037 potesta·

456 2061 492 2120 in
523 2059 593 2142 ejus
623 2069 753 2119 moneta
773 2053 940 2128 diximffus
969 2065 1002 2112 et
1029 2063 1136 2114 tanton
1164 2048 1198 2108 in
1258 2063 1334 2111 tem
1353 2051 1475 2113 habuit.
1517 2054 1568 2114 Ex
1601 2072 1666 2136 quo
1696 2053 1899 2136 colligimus,
1928 2075 2001 2132 eum

318 2145 335 2160 ’
453 2161 559 2224 ubtiis
591 2158 661 2240 ejus
686 2170 719 2220 et
744 2153 913 2220 Volusiani
939 2152 1045 2217 nuntia
1075 2151 1217 2231 legitur
1253 2153 1362 2215 adhuc
1385 2155 1515 2218 Caesari
1536 2151 1637 2216 luisse
1659 2153 1818 2228 dolatum,
1850 2168 1883 2218 st
1912 2157 2002 2220 dein·

340 2281 354 2308 ι
456 2260 531 2322 trib
548 2272 692 2344 poletlas
711 2259 785 2333 IV
808 2277 903 2344 quant
927 2268 990 2316 tam
1013 2273 1124 2344 purum
1145 2271 1200 2313 ex·
1257 2275 1335 2340 ceps
1352 2275 1413 2342 per
1426 2255 1572 2338 ungulos
1585 2275 1689 2318 annos
1703 2257 1890 2338 repstttnm
1913 2259 2001 2342 quod

454 2361 572 2446 pedire
605 2373 741 2446 possunt
774 2357 954 2422 sententiaa
982 2354 1199 2424 Panviniauae
1252 2354 1344 2420 -idem
1368 2355 1524 2418 factum
1514 2379 1576 2438 jam
1602 2360 1635 2418 in
1657 2357 1813 2435 liberio,
1837 2361 1933 2438 Tito,
1955 2363 2000 2428 Μ.

453 2463 600 2546 patroni,
624 2462 748 2543 utipse
771 2461 867 2523 etism
888 2457 1039 2518 Patavina
1060 2467 1200 2516 statuen-
1257 2457 1412 2534 Aurelio,
1441 2457 1581 2542 aliisque
1603 2459 1899 2548 ιιιιιιιιιιιιιίιιιιιι.Ι

451 2565 534 2628 ‚dum
565 2561 743 2646 putaverit,
781 2558 980 2626 Treboniaui
1009 2554 1200 2626 tribunatus,

455 2683 539 2750 quse
564 2683 636 2726 mes
655 2675 706 2724 est
728 2659 896 2734 doctrina,
924 2656 1024 2720 fuisse
1040 2653 1200 2718 Kalendis
1438 2662 1815 2736 VALEMANVS.

455 2771 523 2828 lan.
541 2761 655 2825 iterari
676 2761 790 2824 solitos
805 2758 850 2840 ¹²).
892 2763 1102 2825 Monumenta
1119 2756 1199 2838 ipsu',

453 2867 574 2951 quibus
606 2864 676 2957 ejus
704 2861 921 2924 tribunatuum
953 2858 1097 2922 calculus
1129 2845 1201 2918 niti·
1321 2859 1403 2944 Ejus
1420 2862 1494 2924 trib.
1513 2875 1657 2947 potestas
1674 2865 1751 2929 alias
1773 2867 1904 2951 quidam
1922 2868 2001 2934 iaci·

429 2970 529 3043 'tur,
561 2964 769 3050 exposuimus
797 2965 832 3024 iu
856 2963 953 3043 hujus
976 2958 1114 3039 Augusti
1133 2975 1201 3016 mu·
1253 2963 1623 3026 lcmseaddoetrinarn
1639 2989 1744 3031 meam
1759 2983 1919 3051 praestat,
1942 2971 2002 3040 aad

451 3082 547 3143 nata,
576 3088 642 3152 quo
671 3063 833 3148 illa'loco
863 3061 1014 3146 profarre
1044 3059 1200 3142 oportuit,
1253 3062 1342 3125 saltn
1362 3064 1393 3124 in
1414 3065 1668 3145 consulatulV.,
1699 3071 1803 3158 quiin
1823 3073 1928 3142 nuntia
1947 3069 2003 3132 tri·

452 3171 531 3254 quia
563 3169 602 3232 ad
626 3165 859 3234 'illustrandam
896 3165 1099 3260 durationem
1129 3161 1200 3240 eius
1256 3163 1411 3232 haustam
1427 3169 1482 3234 lli.
1499 3184 1532 3230 et
1545 3172 1583 3236 V.
1600 3171 1782 3254 conjungit,
1805 3191 1879 3234 eum
1894 3187 2001 3234 tamen

349 3259 353 3268 ’
452 3271 587 3354 imperii
609 3283 657 3332 tot
679 3268 821 3348 dissidiis
852 3267 1002 3348 agitatam
1025 3263 1199 3345 plurimum
1257 3266 1468 3331 incontentia
1496 3290 1567 3358 ipsa
1592 3287 1707 3354 quarto
1730 3293 1803 3337 esse
1825 3273 2002 3338 locusnou

452 3375 643 3440 conserunt.
679 3370 814 3438 Eodem
829 3368 905 3432 loco
921 3365 1107 3431 Mazucleni
1122 3387 1201 3452 quo·
1257 3369 1376 3452 possit,
1398 3371 1453 3456 qui
1471 3391 1542 3434 sese
1560 3373 1919 3440 inPanriniidootrina
1938 3377 2001 3440 rite

452 3497 522 3566 pue
545 3473 739 3539 seutentiam
760 3469 983 3538 refutavimus.
1258 3470 1496 3546 adcommodat.
1526 3472 1651 3540 Verum
1669 3476 1863 3560 expediatis
1880 3497 2001 3560 quassu

1257 3571 1332 3636 bina
1363 3595 1526 3638 marmora
1551 3575 1769 3652 firmatione,
1812 3599 1894 3662 cluss
1927 3599 2001 3648 auat

646 3674 1017 3746 VOLVSIANJS.
1252 3679 1430 3740 consulatu
1448 3680 1487 3742 ιι.
1506 3679 1702 3756 tribunatum
1721 3683 1773 3742 ιιι.
1790 3682 2000 3764 conjungunt.

1258 3779 1452 3841 Continuo
1444 3787 1475 3840 tn
1499 3782 1651 3844 Gallieno
1673 3779 1873 3860 ridebimus,
1906 3803 2000 3867 quum

519 3879 699 3950 Vidimus
689 3893 834 3964 tnpatro
854 3875 1082 3952 Trebonisuo,
1106 3895 1201 3958 quum
1253 3878 1588 3961 perturbataomnia,
1613 3883 1645 3946 e't
1668 3885 1757 3949 velut
1779 3885 1912 3956 cardine
1935 3906 2003 3976 utu·

453 3983 602 4064 graviter
630 3982 835 4046 eruditorum
861 3997 928 4041 uon
955 3998 1075 4092 paucos
1098 3975 1202 4040 offen·
1258 3989 1291 4044 tu
1312 3979 1376 4043 huc
1398 4001 1480 4045 actu
1484 3984 1634 4050 suerint.

315 4067 321 4080 ⁸
453 4081 546 4144 derit
566 4095 676 4144 notata
705 4084 739 4144 in
769 4081 864 4163 hujus
884 4077 991 4142 numia
1014 4079 1088 4141 trib.
1111 4085 1205 4163 pbte·
1270 4133 1280 4146 .

449 4187 522 4246 stus
548 4182 621 4258 lv„
651 4179 693 4243 sd
722 4203 816 4266 quam
847 4200 922 4242 eunt
944 4201 1105 4263 nunquam
1129 4201 1205 4262 per·
1459 4190 1673 4256 ,621thss
1680 4195 1795 4257 Nm,

457 4285 604 4360 venisse,
641 4282 809 4369 plerisque
840 4279 1056 4342 indubitatum
1088 4281 1203 4347 visum.

460 4393 565 4454 Tanto
594 4384 725 4470 gravius
753 4385 856 4446 lerirc
888 4401 946 4444 eos
977 4381 1088 4445 debuit
1115 4383 1204 4446 idam
1322 4383 1532 4454 valerianum
1556 4403 1589 4454 et
1606 4391 1789 4459 Gallienum
1807 4395 1847 4461 V.
1864 4399 1901 4462 C.
1923 4397 2003 4460 scuit

485 4607 525 4677 Ιιι)
547 4559 699 4665 ιιιιιιιιιι
719 4599 774 4670 sub
794 4597 860 4668 init.
960 4593 996 4668 b)
1015 4596 1115 4654 nour.
1134 4605 1224 4674 temp.
1244 4596 1277 4656 L.
1298 4596 1349 4656 ιιι.
1370 4619 1393 4658 c.
1414 4611 1472 4666 aa..
1538 4565 1542 4576 Ι
1906 4573 1910 4580 ’
