4476 5564
440 315 513 385 ssu
593 331 621 409 χ
879 249 883 255 ’
1060 223 1379 364 casusne

442 495 526 547 essm
556 493 736 548 marmora,
773 475 857 556 quie
887 465 966 538 citst
1001 467 1186 547 Bimsrdns,
1242 485 1321 532 cere
1345 465 1384 532 sd
1408 465 1626 552 abrogandam
1654 467 1776 547 iidem,
1808 472 1837 535 si
1867 493 1929 558 qna
1958 463 1986 540 is

441 587 475 647 in
499 581 617 670 quihus
645 574 873 640 Constantinus
893 574 959 647 hh,
987 555 1187 643 visurusn-
1241 572 1349 633 minns
1362 569 1535 632 lsudshiiia
1553 569 1594 634 de
1613 571 1814 655 principibus
1833 575 1989 640 Christia-

438 709 520 762 nus,
543 682 683 753 Valens,
711 687 808 759 atque
834 675 909 756 ipse
941 672 1038 734 etiam
1060 670 1187 741 Gratis·
1240 673 1293 734 nis
1310 672 1461 754 scripsit.
1495 671 1547 732 hd
1567 672 1805 756 haruspicinam
1825 678 1913 759 qnod
1940 691 1989 740 st·

439 778 687 866 unspontifices
706 775 837 839 maximi
860 774 1079 872 eppeilsntnr.
1117 770 1184 832 Ad·
1241 771 1346 846 tinet,
1376 771 1617 835 Gothofrednm
1646 773 1854 840 Gothofredo
1884 795 1986 862 oppo-

441 890 485 954 do
507 883 649 968 denique
672 891 755 962 eget
791 878 818 941 si
840 877 944 942 risum
966 874 1083 938 fuisset
1102 874 1188 936 Con·
1239 873 1307 949 -nit,
1330 873 1386 958 qui
1405 873 1476 957 ipse
1501 875 1536 934 in
1546 875 1792 939 commentario
1813 898 1872 941 suo
1893 880 1926 942 in
1948 881 1987 944 ti·

441 987 585 1054 stentino
617 969 802 1044 detrectare
835 969 1078 1062 pohtificatum,
1111 975 1187 1058 quis
1243 975 1346 1038 tulum
1369 976 1492 1040 codicis
1510 977 1749 1039 Theodosiunis
1783 985 1984 1061 depopuus's,

443 1103 645 1172 componere
667 1081 761 1144 ilium
782 1099 856 1143 cum
883 1079 989 1141 csusis
1013 1075 1187 1159 religionis
1242 1081 1433 1158 sacrificiis,
1455 1090 1487 1140 ιι
1502 1085 1644 1158 templis,
1667 1079 1808 1154 adserit,
1830 1080 1987 1146 Constan-

441 1211 519 1257 snse
542 1185 714 1271 nequiret,
736 1167 1026 1300 prohihhreetism
1048 1195 1188 1260 nonpo-
1242 1175 1347 1238 tinum
1365 1177 1429 1240 ists
1452 1179 1528 1260 lege
1551 1179 1776 1266 haruspicinae
1800 1202 1893 1245 usum
1908 1206 1985 1270 per-

441 1293 577 1366 tnisset,
607 1307 672 1371 qno
700 1284 807 1346 minus
825 1280 975 1366 dignitas
997 1303 1015 1344 s
1035 1279 1186 1366 principe
1231 1279 1380 1356 misisse.
1425 1277 1500 1370 Quo
1523 1294 1617 1363 pacto
1648 1285 1797 1345 excusari
1818 1285 1921 1366 possit
1942 1286 1986 1350 is·

442 1392 569 1476 abjectu
584 1387 682 1454 alteri
701 1385 907 1461 deterretur,
929 1402 971 1445 nc
994 1381 1186 1464 pontificum
1241 1399 1320 1464 psus
1338 1381 1461 1442 Zosimi
1479 1381 1692 1482 Singidunum
1709 1404 1772 1466 pro
1789 1387 1986 1469 Lugdunum

443 1491 633 1575 conlegium
652 1491 758 1573 cupite
778 1504 838 1549 sno
862 1497 1008 1568 cureret,
1038 1503 1076 1546 sc
1097 1501 1188 1546 oum·
1242 1482 1434 1559 scribentis,
1456 1483 1533 1567 lege
1553 1485 1686 1568 copiose
1702 1485 1919 1552 disserentem
1934 1490 1987 1552 Bi·

440 1595 557 1682 primis
575 1594 632 1655 ills
648 1605 772 1667 aetate,
795 1609 857 1672 qus
879 1597 966 1649 totns
983 1583 1056 1647 sere
1080 1582 1186 1645 adhuc
1242 1585 1403 1648 msrdnm.
1437 1585 1652 1670 Prosequitur
1665 1585 1907 1668 Gothofredus
1931 1613 1988 1656 ne·

442 1708 572 1760 senatus
586 1695 647 1770 R„
669 1691 819 1775 conlegia
843 1689 965 1761 omnis,
994 1684 1186 1748 semanima
1241 1687 1380 1750 sisimile
1407 1709 1470 1750 non
1489 1709 1581 1765 esse,
1611 1689 1638 1750 si
1661 1690 1877 1774 imperatores
1894 1693 1988 1759 Chri·

442 1798 561 1862 cisinm
581 1796 804 1881 perspugsnis
822 1788 1022 1856 constabant.
1045 1787 1088 1846 At
1104 1803 1186 1849 vern
1242 1789 1338 1852 stisni
1362 1787 1585 1874 pontificatum
1606 1791 1829 1867 admisissent,
1860 1797 1986 1862 istuds
2019 1847 2027 1862 .

440 1913 566 1964 tsntnm
585 1898 694 1975 shest,
729 1911 765 1958 ut
788 1893 884 1958 elteri
910 1907 1098 1974 supremum
1121 1887 1187 1950 hoc
1243 1891 1391 1975 pluribus
1408 1893 1479 1954 aliis
1500 1893 1715 1977 scriptoribus
1736 1897 1868 1979 paganis
1884 1897 1987 1962 fuisse

440 2021 559 2065 munus
573 2001 818 2082 imponeretur,
839 2006 877 2058 nt
894 2011 936 2056 ex
957 1990 1186 2064 monumentis,
1242 1993 1499 2070 dissimulatum,
1520 2015 1628 2078 neque
1650 1995 1753 2072 etism
1771 1998 1879 2062 rideri
1905 2001 1988 2064 seri·

441 2101 722 2187 scriptorihnsque
738 2109 868 2166 constet
889 2095 1004 2168 etism,
1021 2092 1186 2155 neminem
1245 2093 1373 2170 simile,
1396 2109 1503 2178 putres
1521 2097 1681 2160 ecclesiae
1698 2119 1765 2162 nos
1791 2119 1922 2162 omnem
1937 2101 1987 2165 su·

444 2219 518 2269 unte
528 2205 717 2268 Gratianum
734 2203 787 2268 rel
805 2201 845 2263 sh
862 2199 940 2283 ipsis
951 2195 1084 2281 paganis
1099 2193 1187 2277 agni·
1243 2198 1308 2260 isse
1327 2199 1531 2282 impensuros
1543 2217 1701 2284 opernm,
1722 2213 1759 2262 nt
1776 2203 1816 2262 sh
1832 2202 1895 2264 hoc
1912 2224 1988 2288 pro·

442 2319 513 2368 tum
537 2303 726 2390 pontificem
755 2303 951 2377 msximum,
988 2298 1053 2359 nisi
1086 2315 1187 2358 unum
1243 2301 1350 2384 posito
1374 2301 1539 2384 principes
1557 2301 1758 2365 Christianos
1788 2316 1987 2368 averterent.

441 2409 638 2492 principem.
1242 2403 1288 2463 At
1318 2403 1423 2477 onim,
1455 2401 1559 2483 inquit
1587 2403 1722 2481 Rosius,
1753 2404 1794 2467 nh
1822 2405 1893 2490 ipso
1921 2408 1987 2472 hoc

494 2509 566 2570 ,His
581 2505 846 2590 praemonstratis
861 2503 1033 2566 Bimardss
1057 2499 1186 2561 enuere
1241 2505 1437 2586 scriptorum
1472 2503 1603 2566 silentio
1634 2504 1785 2587 probari,
1814 2493 1988 2593 imperato·

443 2607 642 2675 Gothofredi
678 2605 806 2690 objectu
843 2603 1035 2688 'aggreditur
1069 2600 1186 2662 iisdem
1244 2623 1297 2668 res
1321 2605 1414 2665 obire
1436 2604 1657 2686 pontificatum
1678 2608 1885 2691 perrexisse3
1912 2629 1987 2674 nsm

443 2732 521 2773 usus
541 2709 758 2792 srgumentis,
788 2726 869 2790 quse
890 2707 923 2767 in
947 2705 1061 2767 eudem
1089 2723 1185 2767 csuss
1241 2727 1282 2772 ea
1301 2719 1422 2770 tentum
1440 2708 1547 2768 solent
1561 2707 1664 2770 literis
1677 2711 1880 2795 consignari,
1904 2733 1987 2797 quae

442 2812 561 2875 Bosius
586 2811 663 2875 oiim
686 2805 893 2875 Gothoired'o
913 2805 1084 2889 opposuit,
1105 2822 1186 2889 quo·
1243 2821 1391 2872 arctare
1423 2809 1571 2872 instituto
1602 2810 1780 2888 recedunt,
1809 2835 1876 2878 non
1904 2834 1986 2900 quse

443 2933 516 2975 rum
546 2913 720 2998 praecipua
750 2908 855 2996 capite
892 2908 973 2970 haec
1004 2915 1088 2968 nunt·
1131 2906 1187 2966 Ait
1243 2931 1371 2975 cursum
1390 2932 1481 2973 suum
1503 2913 1704 2976 ordinarium
1727 2913 1881 2980 retinent.
1928 2919 1970 2982 Cr

442 3015 499 3077 hic
521 3016 680 3098 primum,
707 3011 831 3074 nullum
862 3009 1027 3071 zosimum
1056 3023 1188 3089 prome·
1243 3026 1349 3076 ternm
1372 3014 1520 3075 Zosimus
1544 3035 1608 3076 non
1633 3017 1720 3079 solus
1737 3017 1814 3095 ruit,
1836 3020 1891 3102 qui
1908 3039 1988 3101 pon·

443 3119 515 3181 reri
537 3115 655 3190 iidem,
685 3113 795 3198 utqui
816 3110 1009 3174 narrationis
1034 3125 1111 3169 nune
1136 3127 1189 3168 vn·
1243 3113 1397 3177 tiiicatum
1417 3136 1475 3180 eos
1496 3118 1636 3198 gessisse
1655 3120 1808 3185 narreris.
1833 3121 1985 3186 Servium

444 3220 521 3282 dem
537 3219 706 3281 eoncitat·
750 3216 890 3290 Verum,
921 3209 1101 3294 respondet
1121 3211 1187 3270 Bc·
1242 3217 1307 3298 jum
1325 3238 1423 3300 supra
1437 3217 1615 3280 citavimus.
1645 3219 1781 3283 Ausonii
1796 3223 1880 3286 infra
1897 3245 1987 3290 tucn·

442 3321 529 3398 sius,
552 3317 633 3383 vsde
655 3337 737 3401 opus
755 3312 901 3378 noninit
921 3315 1053 3377 zosimo
1078 3325 1187 3374 sucto-
1243 3317 1290 3380 tio
1320 3317 1387 3383 fiet
1447 3322 1492 3381 At
1523 3319 1585 3402 jam
1617 3321 1657 3385 sd
1687 3323 1748 3386 uiis
1779 3343 1986 3392 monuments

443 3425 475 3486 ri
502 3422 576 3486 fere
599 3422 794 3504 synchrono
837 3417 988 3491 zosimo,
1019 3415 1187 3478 invehitur
1243 3435 1401 3504 provocet
1423 3421 1666 3500 Gothofredns,
1697 3424 1826 3509 sitque,
1855 3427 1985 3492 titulum

442 3521 689 3598 Gothofredss,
718 3520 806 3582 nulls
831 3517 981 3581 hshenda
1004 3515 1104 3595 fides,
1126 3517 1188 3579 sci·
1242 3522 1406 3607 pontificis
1425 3545 1507 3588 mss.
1533 3523 1648 3588 iisdem
1674 3547 1782 3610 neque
1793 3526 1834 3586 in
1857 3528 1984 3607 edictis,

442 3625 642 3708 lieetjsrstu
666 3601 925 3706 Christianorum
950 3619 1051 3694 hosti,
1080 3617 1187 3702 etqui
1242 3643 1351 3707 neque
1373 3625 1406 3685 in
1428 3626 1665 3690 nuruissaitem
1689 3627 1854 3712 genuinis,
1878 3649 1985 3714 neque

443 3729 544 3792 mults
573 3727 615 3790 de
644 3726 762 3805 iactate
784 3722 987 3804 Constantini
1008 3723 1086 3788 M(
1077 3743 1109 3784 ιιι
1132 3721 1187 3782 he·
1242 3725 1276 3786 in
1307 3725 1523 3806 marmoribus
1553 3725 1661 3790 tribui.
1704 3729 1895 3812 Respondet
1920 3732 1986 3796 Bo·

441 3829 642 3914 ruspiciusm
674 3813 806 3891 adiectu
844 3824 979 3911 ineptit,
1023 3839 1058 3888 et
1098 3821 1188 3909 qnod
1245 3825 1329 3902 sins,
1351 3829 1432 3890 nihii
1457 3827 1726 3912 istudprchsre,
1760 3830 1986 3913 quisnimium

443 3931 581 4015 emplius
603 3945 670 4007 est,
697 3931 753 4016 qni
777 3927 818 3992 de
844 3928 913 4012 ipss
936 3926 1081 3990 Gratiani
1102 3945 1187 3988 nece
1244 3927 1378 4012 prohat,
1399 3948 1506 4012 neque
1532 3930 1619 3994 enim
1643 3934 1693 3995 rei
1713 3931 1906 3997 Maximinus
1924 3935 1988 3998 nus

442 4031 561 4098 fulsum
586 4031 684 4103 dixit,
715 4048 789 4092 cnm
814 4043 1016 4092 cumcontra
1044 4029 1188 4091 omnium
1245 4049 1302 4104 ss,
1333 4029 1388 4094 vel
1414 4031 1555 4094 Iulianus
1572 4031 1605 4092 in
1628 4032 1742 4096 edictis
1768 4037 1989 4120 cumpraeie·

442 4134 642 4216 scriptorum
669 4129 768 4193 fidem
793 4149 860 4192 nou
879 4129 1032 4212 Lugduni
1050 4127 1188 4208 Galliae,
1244 4141 1321 4194 runt
1349 4131 1497 4210 titulum,
1536 4153 1635 4198 nemo
1672 4149 1780 4200 tsruen
1811 4156 1989 4224 propterss

441 4235 502 4300 scd
523 4231 861 4318 SingidnniMoesise
880 4245 1088 4314 peremptum
1114 4253 1188 4296 usr-
1243 4232 1429 4317 negsrerit,
1459 4233 1560 4296 inisse
1594 4256 1652 4299 eos
1686 4239 1858 4324 pontifices
1889 4240 1989 4306 musi·

441 4355 502 4406 rst.
549 4335 749 4420 Obiuquitur
779 4333 916 4410 Bosius,
951 4332 1061 4395 odium
1087 4335 1187 4419 sosip-
1244 4355 1326 4398 mos.
1371 4333 1450 4399 Inde
1478 4359 1496 4400 a
1524 4337 1660 4404 Claudio
1693 4339 1835 4406 Gothico
1871 4363 1910 4406 es
1941 4341 1988 4410 di·

443 4441 524 4506 toris
545 4437 682 4527 pagani,
712 4437 774 4500 nisi
801 4435 885 4500 siise
910 4457 1025 4500 censae
1047 4436 1186 4499 idoneae
1244 4437 1349 4519 gnitss
1376 4458 1453 4503 rere
1478 4437 1540 4520 jpm
1564 4439 1597 4501 in
1619 4441 1725 4505 numis
1745 4445 1987 4528 expressssnit,

441 4556 573 4628 praesto
602 4543 686 4621 siut,
719 4561 780 4626 pes·
805 4558 843 4604 ss
873 4539 981 4608 solum
1010 4558 1076 4606 nou
1098 4535 1187 4604 suhi·
1244 4554 1279 4603 et
1305 4538 1402 4605 fuere
1430 4541 1597 4626 principes
1635 4545 1752 4628 pagani
1788 4545 1987 4632 complures,
