4476 5564
569 379 642 510 nn
677 429 1030 516 Tn1nvn1‘r1n
1075 431 1437 516 monastria.
1698 451 1770 528 aaz

231 613 423 684 methodum
455 614 615 701 peculiari
638 619 758 704 aliqua
799 617 841 681 dc
878 637 976 682 canan
1032 615 1110 682 trio.
1145 627 1306 706 puteatatc
1336 617 1422 682 iutra
1456 633 1573 680 aunum
1612 615 1769 682 lulianam

230 721 334 786 {nime
355 720 553 784 immutatam
577 721 618 802 Ι).
660 721 751 784 ldem
779 717 900 784 deinde
921 717 976 783 ad·
1031 716 1165 795 iterata,
1194 737 1372 804 corumque
1402 717 1485 782 udcc
1516 719 1602 784 hunc
1636 741 1771 784 numum

169 870 170 878 κ
232 821 368 892 firmare
388 844 454 887 non
477 821 617 897 dubitat,
645 818 913 913 damnallami),
939 835 975 885 et
1006 819 1119 902 ,circa
1155 831 1305 904 tampna,
1347 841 1413 906 qno
1450 819 1553 886 exirit
1590 821 1771 886 tribuuntur

149 985 152 994 ,
230 945 309 990 mcx
340 923 555 1008 Elagabalum
577 927 609 1005 ε)
643 922 824 988 trilannatua
851 942 974 988 auoaa
1030 921 1445 1008 vtt.,aronoonpirv111.
1487 922 1611 991 Verona
1632 923 1771 988 etlaunc

232 1025 390 1094 Kalendia
405 1028 470 1090 lan.
485 1025 632 1089 itereaae.
662 1025 755 1090 Alica
769 1023 844 1092 vide
860 1027 977 1092 citatur
1033 1019 1230 1104 explicatum
1244 1033 1333 1110 patet
1355 1041 1428 1086 caae
1442 1022 1640 1102 violentum,
1662 1043 1793 1112 neque·

232 1129 266 1190 in
287 1127 516 1191 diaierrnriona
532 1129 579 1214 lo.
596 1124 735 1210 Georgii
753 1127 886 1210 Graevii
900 1145 975 1213 pag.
1032 1121 1103 1184 ullo
1124 1133 1220 1208 panto
1250 1123 1473 1194 variatmilen.
1537 1125 1653 1215 Neque
1682 1128 1771 1190 onim

236 1251 292 1306 ua,
317 1228 599 1295 etaldaznolenc
619 1249 696 1320 pag.
715 1232 754 1294 15
772 1249 840 1318 aeq.
875 1229 976 1316 Atqui
1032 1241 1148 1286 manna
1169 1221 1224 1287 lric
1244 1236 1299 1289 aut
1318 1223 1418 1303 cudi,
1440 1237 1496 1296 ant
1517 1225 1551 1287 in
1570 1228 1681 1290 locem
1700 1228 1772 1292 nait·

230 1333 262 1398 ai
278 1332 365 1396 iatud
386 1353 481 1400 eauaa
499 1333 546 1396 aie
563 1331 715 1414 exigente
735 1329 912 1396 veriainrile
929 1329 977 1393 ri·
1032 1323 1058 1386 ti
1079 1325 1200 1409 putuit,
1230 1325 1294 1390 niai
1322 1327 1355 1388 iu
1378 1339 1470 1391 certo
1499 1326 1608 1411 aliquo
1631 1327 1772 1392 tribuua-

164 1459 168 1470 ·
231 1453 305 1496 anm
321 1435 355 1495 in
374 1435 557 1511 nonnullis,
586 1453 647 1497 cnr
662 1453 727 1496 non
747 1433 847 1496 etiam
867 1429 975 1498 videri
1032 1435 1084 1502 tu,
1105 1445 1143 1490 ac
1163 1441 1341 1514 propterea
1359 1428 1487 1491 nullum
1517 1431 1614 1493 rideo
1642 1443 1771 1494 namara

228 1533 337 1624 pcaait
358 1533 391 1594 in
412 1535 484 1596 aliia
508 1534 708 1610 veriaimile,
738 1531 867 1619 quando
887 1529 974 1596 iatud
1030 1526 1101 1592 aivc
1121 1528 1155 1589 iu
1176 1529 1300 1607 numia,
1328 1529 1398 1594 aive
1425 1532 1641 1594 marmoribua
1662 1551 1772 1596 exean-

233 1619 974 1718 eaedemcanaaeexignntl'Alnaterrnitairoa
1030 1631 1137 1713 plum,
1156 1631 1249 1712 qnod
1273 1633 1444 1714 contiguae
1469 1631 1578 1696 iterati
1606 1630 1800 1718 magiona-¹

232 1737 616 1824 praeclaroaprimorum
635 1724 975 1826 imperatoruminati-
1031 1743 1100 1808 tua,
1139 1733 1194 1798 rel
1218 1732 1357 1797 horode
1395 1753 1550 1799 numer-ca
1580 1739 1770 1821 conjunctos

230 1849 353 1917 tutum,
373 1859 457 1924 quoa
473 1838 602 1902 nonniai
616 1838 907 1904 circumactoannn
922 1858 974 1902 re·
1004 1873 1007 1882 ·
1030 1831 1214 1899 erhihcrct.
1255 1835 1347 1898 latnd
1364 1835 1451 1900 enirn
1465 1836 1494 1900 ai
1510 1840 1705 1923 permiaaum
1723 1843 1772 1904 iat·

231 1957 370 2006 ncaaaae
389 1941 588 2004 tribunatum
606 1941 675 2024 ipaa
693 1953 900 2002 monumenta
915 1937 975 2002 do-
1030 1933 1109 2000 iaaet
1121 1937 1332 2015 monetariis,
1355 1937 1470 2002 eadem
1485 1937 1561 2024 lege
1576 1943 1611 2004 in
1629 1943 1769 2034 duplicia

205 2031 326 2119 '.oent,
349 2040 436 2128 quod
452 2044 527 2126 quia
540 2041 750 2125 aequantibus
763 2041 861 2106 etiam
870 2039 974 2128 impe·
1029 2037 1217 2104 conaulntna
1238 2037 1385 2102 conliniia
1407 2040 1594 2124 legeremus
1619 2047 1716 2110 etiam
1738 2069 1769 2111 r.

230 2125 820 2228 ratcrihuaapplicandumdnxerant,
841 2162 980 2226 nonpo.
1029 2155 1058 2198 c·
1082 2137 1176 2200 COS.
1198 2141 1253 2202 lll.
1277 2139 1371 2204 008.
1393 2143 1464 2206 llll.
1486 2147 1520 2207 in
1541 2147 1656 2214 eadem
1678 2151 1768 2213 nami

229 2257 338 2308 terant
363 2264 430 2307 non
451 2244 631 2310 abhorrere
649 2267 667 2309 a
686 2244 865 2322 sententia,
888 2264 971 2326 quac
1029 2239 1205 2324 rupcrlicic
1224 2241 1451 2324 conjunctum,
1473 2248 1564 2331 cnjua
1586 2264 1694 2314 tamen
1712 2272 1767 2314 cx·

230 2347 305 2412 trib.
316 2358 509 2431 puteatatem
526 2347 591 2412 alin
600 2345 642 2410 ab
657 2348 728 2436 ejna
742 2345 841 2412 natali
856 2344 909 2410 die
920 2365 972 2413 re·
1028 2343 1172 2425 emplum
1194 2342 1227 2404 in
1257 2345 1346 2406 omni
1367 2339 1554 2433 antiquitate
1587 2371 1653 2414 non
1674 2373 1769 2436 repr»

225 2449 362 2530 petitam
380 2447 487 2518 donet.
582 2495 585 2502 .
1027 2443 1103 2509 riaa.
1145 2445 1189 2506 At
1218 2465 1260 2507 en
1290 2445 1352 2509 tibi
1381 2449 1414 2510 in
1435 2454 1596 2516 aententia
1618 2473 1690 2518 mea
1712 2475 1768 2518 ex·

291 2553 332 2613 ll.
354 2551 447 2631 Dixi,
480 2551 587 2618 videri
609 2548 807 2626 uerisimile,
829 2548 970 2614 medum
1025 2545 1235 2630 plicalinnem
1264 2546 1363 2612 aliam
1401 2551 1497 2632 plane
1539 2553 1682 2635 obviam„
1725 2579 1767 2622 ae
1894 2601 1901 2618 .

221 2649 411 2716 tribuuntur
449 2653 609 2717 Kalendia
638 2655 704 2717 len.
740 2651 881 2716 iterandi
909 2654 969 2716 aul>
1025 2646 1219 2729 aimplicem·
1261 2649 1354 2727 Dlssin
1397 2653 1457 2714 ΝΒ
1498 2657 1663 2720 lumino
1704 2660 1765 2722 Plo

228 2753 394 2818 Antonino
424 2755 485 2818 Pio
516 2754 665 2838 ccepiaaa
693 2774 791 2816 cauea
818 2775 860 2818 ex
888 2756 969 2841 lpaia
1018 2749 1190 2826 ,Kalendaa
1214 2748 1284 2816 lan.
1314 2753 1490 2817 iterandae·
1509 2759 1584 2821 trib.
1614 2762 1766 2843 potestati

219 2855 331 2918 numia
348 2857 458 2939 petita,
504 2856 659 2944 suggerit
679 2855 900 2937 conjecturam
913 2859 970 2920 ali·
1025 2849 1357 2938 ὖθΰῑῑῦᾶῑΐβῡψῑῦῦθ,
1380 2855 1449 2938 ipae
1465 2877 1544 2921 vero
1561 2860 1657 2944 hujua
1674 2864 1766 2926 numi

225 2975 277 3018 am
299 2977 415 3020 numu,
437 2961 482 3019 M,
506 2957 648 3034 Aurelii,
672 2979 768 3044 quem
790 2972 864 3041 poet
886 2959 968 3026 ulio.
1024 2952 1223 3038 epigraphe,
1245 2957 1278 3016 in
1295 2977 1360 3044 qua
1375 2959 1528 3023 durelina
1545 2975 1665 3026 tantum
1686 2967 1767 3031 Cne-

226 3057 360 3130 exhibet
400 3059 614 3140 Spnnhemiua
636 3057 690 3145 ¹³):
733 3060 966 3130 AVRELWS.
1024 3075 1077 3118 aar
1098 3053 1236 3134 dicitur,
1265 3057 1378 3134 docet,
1406 3079 1481 3122 eum
1503 3063 1684 3146 imperante
1700 3069 1766 3130 An·

224 3157 404 3220 CAESAR.
424 3159 523 3225 AVG.
536 3143 697 3226 Pitnn.
721 3165 824 3241 Capu!
837 3168 966 3230 nudam.
1023 3157 1135 3219 tonino
1155 3159 1215 3248 Pio
1239 3161 1412 3243 aignatnm.
1456 3163 1566 3256 Quare
1589 3168 1764 3238 admodum

226 3251 342 3318 ΞΤΗ.
373 3258 474 3321 ΡΟΤ.
497 3257 566 3324 Vll.
597 3264 665 3328 Tit.
689 3261 796 3328 ΔΡΟΤ.
818 3264 902 3329 Vlll.
930 3267 964 3328 S.
1022 3259 1221 3336 uerisimile,
1260 3283 1343 3326 nova
1374 3263 1554 3331 ren'oaandi
1583 3271 1763 3338 tribunatuo

224 3358 262 3422 C.
285 3361 661 3440 Mulierqnieotnaedena
675 3351 857 3441 etaltera,
878 3367 966 3428 domi
1021 3361 1148 3424 ratione
1176 3375 1243 3424 tum
1273 3385 1391 3428 recena
1421 3371 1612 3447 constituta,
1641 3387 1764 3448 utrum·

223 3463 362 3539 clypeata.
406 3453 613 3541 singularem
644 3461 726 3523 hanc
753 3463 854 3544 partia
874 3483 965 3527 aver·
1022 3481 1086 3552 qua
1127 3482 1284 3526 canonem
1310 3479 1349 3530 et
1377 3483 1542 3549 veterem,
1576 3487 1610 3535 et
1642 3496 1762 3540 norum

223 3577 279 3624 ane
296 3559 498 3642 epigraphen
513 3561 608 3625 *varie
631 3563 838 3646 explicavere
856 3562 966 3626 erudi·
1020 3581 1119 3623 numo
1133 3563 1333 3648 inscriptum,
1356 3570 1510 3636 nimirum
1525 3587 1690 3652 veterem,
1712 3599 1762 3642 ae-
1866 3633 1871 3650 ,

218 3658 258 3722 ti.
302 3659 490 3724 Harduinua
506 3661 568 3726 illa
593 3662 757 3748 duplicem
772 3662 850 3730 trib.
872 3678 965 3748 pote-
1020 3663 1159 3727 aundom
1186 3686 1283 3754 qnam
1307 3668 1370 3732 suit
1394 3670 1469 3734 trib.
1494 3677 1759 3756 potentatiavll,

222 3773 338 3824 atatem
388 3761 635 3846 intelligendam
685 3766 808 3842 annuit,
867 3787 962 3828 unam
1014 3778 1055 3828 ,et
1075 3785 1213 3843 norum,
1246 3771 1424 3836 meandum
1451 3793 1549 3856 qoem
1577 3785 1761 3844 numeravit

222 3863 679 3944 quaeeaaetinexarcitihna,
701 3867 854 3946 alterum,
879 3888 963 3952 quae
1019 3864 1095 3926 trib.
1120 3883 1314 3951 puteatatem
1339 3873 1441 3952 Vnt,
1471 3875 1563 3959 juxta
1590 3900 1684 3962 quam
1714 3884 1760 3948 le·

220 3960 255 4023 in
276 3965 453 4046 provinciia
482 3980 516 4030 ct
545 3963 645 4032 rebua'
667 3969 834 4046 civilibus,
867 3991 962 4056 quam
1016 3989 1094 4052 gem
1118 3991 1233 4034 numua
1254 3993 1349 4036 corna
1371 3989 1422 4038 eat
1441 3979 1483 4045 V.
1503 3981 1538 4042 C.
1562 3984 1644 4068 908,
1667 3987 1757 4070 cuju,

220 4061 391 4127 abaur‘dam
413 4066 610 4148 doctrinam,
634 4073 703 4134 -etai
727 4092 763 4136 ae
786 4073 887 4154 ipsam
910 4092 961 4134 re·
1011 4073 1178 4162 principio
1200 4075 1275 4138 anni
1298 4095 1340 4139 ex
1367 4098 1491 4143 canone
1515 4098 1628 4150 vetere
1645 4109 1758 4154 nume·

219 4162 321 4242 lutet,
351 4149 552 4234 relutdndam
583 4187 688 4235 tamen
716 4173 777 4236 eibi
802 4173 893 4235 duait
912 4175 961 4236 lo-
1016 4175 1100 4238 ravit
1125 4177 1493 4246 Aurelinarritoonnrnm
1519 4189 1610 4266 Vll,
1640 4211 1680 4252 ex
1701 4211 1760 4256 nc·

220 4268 872 4352 cccitatcSpanlremiuaauffectaaltera
892 4297 959 4353 aaa,
1015 4295 1059 4343 rc
1080 4281 1168 4350 Vlll.
1210 4283 1366 4346 Ceterum
1397 4305 1481 4370 qnae
1515 4308 1611 4354 cauae
1644 4293 1756 4374 inerit,

219 4367 374 4431 nimirum
392 4373 446 4455 agi
460 4375 574 4437 induce
591 4397 690 4438 numo
710 4377 752 4438 de
772 4381 816 4439 dl.
832 4378 959 4442 Aurelii
1014 4397 1076 4444 cur
1091 4382 1438 4452 Antoninuatrnditnm
1463 4412 1482 4452 a
1499 4393 1674 4474 majoribua
1689 4419 1758 4464 mc·

212 4518 1756 4574 ---————--—-—-—-.

211 4601 339 4769 117}ss
353 4603 436 4758 ἃς.
457 4627 612 4690 aernpng·
632 4620 694 4680 287.
715 4610 773 4675 rnl.
792 4625 823 4758 2..
871 4607 909 4687 b)
929 4615 999 4695 Pag·
1017 4625 1080 4684 288·
1095 4617 1157 4682 ccl·
1175 4633 1202 4682 1.
1259 4623 1561 4700 o)Pag.²91.col.2.
1617 4629 1649 4704 d)
1670 4633 1753 4694 Tora.
