4404 5564
557 581 634 658 sn
669 577 965 660 voavnau
997 579 1332 662 sncvunvn.
1657 615 1712 680 ss

166 755 247 820 lium
267 715 354 818 istud
374 769 394 816 a
413 761 525 818 matra
541 749 753 822 meedeuiae
770 751 910 837 Neapoli
1108 756 1209 824 qu„
1226 759 1586 840 col-a.p0ss‚tts.1s‚'
1623 739 1625 747 ⁴
1656 767 1659 774 ,

166 856 208 921 sit
220 852 409 923 arcendum.
1161 915 1436 981 Appoprs,
1466 917 1512 979 ῙΙ,

303 1043 625 1144 P·7'l·⁶⁰1·¹·il⁰⁸²
644 1061 705 1127 lin.
718 1079 770 1126 ιο.
1028 1055 1130 1142 Regis
1153 1056 1249 1139 liujus
1268 1057 1338 1122 bini
1360 1058 1489 1124 haudita
1509 1059 1639 1145 pridem
1652 1061 1708 1128 de·

960 1183 964 1192 ’
1033 1178 1045 1218 ι
1243 1181 1253 1223 a

434 1215 650 1288 SCIONE'
966 1165 1139 1343 tectCupmud
1148 1179 1306 1326 diffundis
1318 1261 1493 1326 barbatum
1507 1263 1614 1328 leonis
1627 1285 1710 1330 uuu-

228 1359 297 1427 Sita
331 1359 367 1424 iu
400 1360 608 1426 Chersoneso
636 1361 782 1426 Pallene.
826 1361 907 1445 Ejus
964 1359 1029 1422 viis
1052 1371 1184 1424 tectum.
1218 1360 1243 1422 Ξ
1267 1359 1400 1426 ΑΕΡΟ.
1417 1365 1530 1445 Lupus
1548 1367 1708 1429 dianidt'us

165 1478 298 1550 praeter
321 1463 401 1528 alios
425 1461 596 1548 aliquoties
619 1463 768 1527 meminit
786 1465 908 1526 Demo·
963 1461 1096 1540 aliquid
1105 1465 1277 1540 devorans,
1291 1485 1429 1546 superne
1444 1465 1550 1526 clava.
1566 1465 1638 1531 AR.
1652 1468 1707 1532 111.

165 1567 300 1631 sthenes
320 1565 355 1628 iu
377 1565 523 1630 oratione
546 1563 616 1631 adv.
633 1565 809 1632 Lacritum.
835 1567 908 1628 Au·
1034 1561 1141 1642 Caput
1165 1565 1311 1642 juvenile
1327 1565 1417 1644 pileo
1435 1573 1566 1627 tactum.
1593 1563 1709 1634 PAE-

165 1679 334 1730 tonomum
355 1687 461 1751 nuper
483 1665 585 1730 edidit
608 1665 755 1730 Sestinus
778 1686 819 1730 ex
841 1687 909 1728 mu·
966 1655 1103 1746 POl'lO.
1119 1663 1234 1744 Equus
1247 1663 1448 1728 subsultuns.
1469 1663 1539 1728 ΛΕ.
1556 1667 1613 1729 Ill.

165 1785 224 1830 aco
260 1765 519 1852 Cousineryauos
559 1769 711 1852 (battere
743 1769 782 1832 Τ.
806 1767 845 1836 V.
874 1785 909 1851 p.
1028 1763 1153 1826 Numus
1176 1766 1268 1848 prior
1291 1778 1441 1828 servatur
1466 1763 1499 1826 in
1524 1785 1636 1829 musco
1659 1771 1706 1833 Μ.

163 1869 296 1952 LXIV.)
965 1863 1077 1927 Ducis.
1117 1863 1293 1929 Camillud
1314 1879 1504 1929 anteannos
1520 1868 1707 1950 complures

230 1971 338 2053 Caput
369 1972 517 2034 Veneris.
556 1963 581 2028 t
609 1963 908 2034 ΣΚΙΩΝΑΙΩΝ.
961 1961 1000 2025 in
1024 1964 1174 2028 ordinem
1190 1967 1396 2052 redigerem,
1421 1967 1633 2033 illustrehec
1649 1992 1708 2033 nu·
1798 2039 1801 2052 ,

164 2073 264 2134 Duce
284 2071 455 2134 culumbae
476 2071 543 2132 sibi
563 2071 742 2132 obviantes.
764 2069 836 2135 ΑΕ.
853 2071 907 2132 111.
965 2066 1078 2132 misma
1105 2082 1241 2152 propter
1271 2069 1450 2151 scripturae
1478 2071 1707 2153 parsimoniam

166 2183 172 2190 '
229 2171 389 2256 spectatis
407 2170 490 2254 typis
510 2191 626 2234 numus
649 2170 701 2234 hic
724 2171 837 2233 similis
859 2184 909 2234 cst
964 2167 1044 2228 mihi
1077 2169 1225 2251 ignotum
1251 2170 1285 2231 in
1312 2171 1512 2233 incertorum
1533 2173 1705 2235 stationem

165 2272 233 2350 illi,
260 2292 359 2357 quem
381 2271 529 2334 Goltzius
551 2270 664 2333 tribuit
686 2271 785 2334 Curio
808 2273 907 2355 Cypri
962 2267 1105 2352 reposui.
1133 2271 1177 2331 At
1199 2291 1274 2334 eum
1291 2269 1334 2336 cl.
1350 2270 1458 2334 Abbas
1475 2272 1621 2336 Sestinus
1641 2294 1704 2357 ope

164 2373 279 2438 adficta
303 2371 454 2434 nimirum
476 2373 655 2457 epigraphe
676 2369 905 2449 ΚΤΡΙΕΩΝ,
964 2370 1203 2446 alteriusnumi,
1221 2371 1708 2460 qniporrectioremhabetepi·

163 2497 238 2542 cum
265 2487 374 2539 tamon
400 2473 501 2536 lectio
531 2473 689 2557 genuina,
725 2473 786 2538 etsi
814 2475 906 2538 nullo
963 2471 1128 2556 graphan,
1146 2471 1288 2536 feliciter
1302 2473 1494 2556 explicavit,
1511 2474 1704 2559 docuitque,

163 2597 278 2655 seusu,
297 2576 339 2640 sit
353 2568 499 2652 ΟΤΤΣ,
516 2574 644 2658 qualem
662 2575 807 2658 praefert
824 2575 907 2639 inte·
961 2585 1136 2657 utrumque
1165 2573 1374 2637 tribuendum
1397 2575 1531 2658 Aeropo
1554 2577 1708 2640 Macedo-

164 2679 325 2766 gerrimus
347 2677 452 2740 musei
468 2675 638 2753 Caesarei,
668 2675 784 2760 quibus
807 2697 848 2740 ex
869 2677 907 2738 li·
962 2674 1036 2738 niae
1058 2675 1141 2758 regi.
1176 2675 1272 2750 Alter
1296 2697 1419 2740 aeneus
1444 2675 1484 2740 ah
1509 2677 1705 2743 amicissimo

162 2782 254 2860 teris,
271 2793 308 2844 ut
322 2779 502 2864 suspicatur
516 2777 680 2856 Sestinns,
701 2775 793 2838 nullo
807 2775 906 2840 modo
964 2777 1044 2838 mihi
1070 2777 1271 2856 Cousinaryo
1298 2778 1377 2839 olim
1400 2777 1538 2842 nationis
1557 2779 1704 2844 Gallicae

161 2883 299 2948 formari
319 2894 428 2966 potest
448 2879 547 2942 lectio
563 2876 755 2962 retrograda
769 2871 905 2944 ΣΚΙΩ.
963 2878 1049 2962 apud
1075 2878 1339 2943 Thessalonicam
1362 2895 1575 2963 procuratore
1592 2903 1706 2965 repes·-

161 2989 302 3049 Monere
316 3003 452 3048 necesse
467 3001 534 3044 non
553 2994 621 3060 est,
643 2981 810 3050 Venerem
831 3001 905 3044 suas
961 2993 1013 3042 tus
1037 2993 1088 3042 est
1117 3001 1222 3064 prope
1241 2981 1463 3067 ,Amphipolin
1491 2983 1705 3046 Macedoniae

163 3086 313 3158 comitari
329 3082 507 3150 columbas.
860 3164 863 3176 Ι
960 3082 1087 3146 urbem.
1110 3084 1200 3145 Haec
1219 3104 1262 3149 ex
1281 3084 1382 3168 ipsius
1404 3085 1523 3147 Sestini
1542 3106 1706 3148 commen-

957 3183 1049 3258 tariis
1071 3185 1194 3266 accepi.
1210 3186 1362 3266 (Lettere
1384 3189 1476 3248 Tem.
1488 3188 1579 3269 V.·p.
1596 3189 1684 3266 vlt.)

324 3265 750 3334 Ρ·81·0οἶ·’·”ᾰῖῑ”’“·
923 3275 926 3282 ’
1026 3284 1208 3370 Antequam
1243 3285 1381 3349 delinire
1414 3284 1608 3370 aggredior,
1651 3289 1706 3350 cui

224 3391 343 3452 Narrat
368 3387 412 3453 cl.
435 3385 599 3461 Sestinus,
623 3385 775 3466 (Lattere
802 3385 842 3449 T.
861 3387 904 3452 V.
963 3385 1114 3468 Aeropo,
1137 3407 1211 3449 nam
1225 3387 1338 3468 plures
1352 3387 1385 3448 iu
1402 3388 1591 3451 Macedonia
1608 3388 1704 3452 fuere

161 3515 193 3578 p.
205 3491 372 3572 xxxix.)
392 3509 433 3552 eo
449 3488 541 3564 loco,
559 3505 622 3572 qno
640 3485 722 3548 haec
738 3487 906 3568 Uranopo·
961 3486 1024 3549 hoc
1048 3487 1179 3548 nomina
1200 3507 1317 3571 reges,
1342 3487 1402 3550 hoa
1425 3509 1540 3552 numos
1560 3488 1706 3552 triubun·

162 3594 204 3656 lis
222 3591 329 3669 stetit,
352 3603 504 3678 repertos
521 3588 622 3652 inisse
643 3607 758 3650 numos
782 3587 906 3650 similes
963 3586 1022 3650 dos
1038 3587 1234 3664 existimem,
1250 3608 1385 3652 necesse
1400 3603 1489 3673 puto,
1506 3612 1616 3656 veram
1633 3593 1705 3675 ojus

161 3693 367 3780 complures,
396 3713 437 3756 ex
466 3690 583 3774 quihus
610 3688 661 3750 illi
687 3708 816 3766 omnes,
849 3688 904 3774 qai
960 3689 1101 3752 nominis
1146 3692 1410 3774 orthographiam
1455 3693 1618 3771 stabilire,
1669 3709 1704 3758 et

159 3797 266 3862 illaesi
288 3795 403 3872 fuera,
422 3791 571 3877 inscripti
594 3803 687 3854 sunta
712 3784 905 3854 OTPANI·
960 3805 1100 3876 utroque
1115 3791 1179 3856 hoc
1194 3815 1293 3856 numo
1309 3795 1514 3858 confirmare.
1537 3797 1703 3861 Auctores

160 3893 278 3962 ΔΩΝ.
298 3890 524 3972 ΠΟΛΕΩΣ,
545 3893 580 3956 id
604 3905 673 3980 ests
700 3894 778 3956 urbs
801 3894 904 3956 coele·
960 3895 1097 3972 Graeci,
1120 3895 1175 3980 qui
1193 3915 1328 3979 regum,
1345 3897 1462 3981 quibua
1477 3895 1563 3960 istud
1582 3917 1704 3962 nomen

134 3999 277 4086 setium,
307 4019 366 4062 seu
394 3993 656 4072 coelicolarum,
681 3993 798 4058 eodem
828 3995 901 4060 fera
957 3995 1036 4074 fuit,
1057 3998 1257 4074 meminere,
1279 3997 1485 4074 Herodotus,
1508 3999 1562 4078 (L.
1574 4000 1658 4066 Vlll.
1671 4019 1701 4064 c.

158 4123 256 4166 sensu
285 4123 359 4170 cam
387 4090 645 4164 ΟΤΡΑΝΙΑΣ.
674 4091 899 4175 ΠΟΛΕΩΣ,
962 4099 1050 4180 adq.)
1064 4099 1230 4163 Diodorus
1248 4099 1386 4174 Siculus,
1415 4101 1471 4180 (L.
1485 4099 1574 4170 XIV.
1587 4121 1615 4168 c.
1633 4103 1702 4184 37.)

158 4219 193 4270 nt
210 4203 308 4283 adeo,
325 4223 408 4288 quae
426 4200 588 4286 sequitur,
608 4198 797 4282 explicatio,
813 4200 901 4264 aalys
956 4201 1150 4283 Polyaenus,
1176 4203 1329 4286 (Stratag.
1340 4203 1426 4267 ml.
1444 4205 1551 4283 c.17.)
1574 4217 1606 4267 et
1624 4203 1703 4266 Plu·

159 4305 261 4390 possit
279 4323 484 4390 permanere.
513 4303 584 4366 Hac
607 4322 688 4386 ergo
710 4300 800 4365 urhis
822 4323 899 4366 suae
955 4305 1085 4366 turchos
1111 4305 1159 4384 (in
1180 4305 1352 4369 Demetrio
1371 4325 1402 4387 p.
1416 4325 1459 4366 m.
1475 4305 1564 4388 897.)
1591 4307 1702 4368 unani-

159 4407 376 4493 appellatione
401 4425 494 4468 mons
510 4403 597 4466 atho
615 4425 688 4468 scae
703 4403 837 4488 Olympi
859 4405 902 4468 ri·
957 4405 1004 4467 mi
1033 4425 1194 4468 censensu
1219 4408 1382 4491 scripsere
1402 4405 1554 4485 Asesnec,
1583 4408 1701 4491 quibu's

160 4510 266 4602 valam
296 4507 465 4593 professus
495 4519 560 4581 est,
598 4504 713 4590 dig'nus
748 4493 903 4570 nimirum
958 4506 1034 4570 addi
1061 4521 1171 4590 potest
1198 4507 1278 4571 alius
1310 4507 1467 4594 quispiam
1490 4497 1626 4588 Aequitas·
1656 4511 1703 4572 fa-

159 4605 296 4700 propter
314 4609 402 4674 coeli
417 4597 584 4684 viciniam,
606 4607 637 4668 in
658 4629 753 4693 quem
774 4630 809 4673 se
829 4630 903 4673 coe·
958 4608 1092 4671 miliaris
1117 4611 1237 4693 Pyrrhi
1263 4610 1409 4674 laudatus
1432 4611 1620 4675 Plutarcho.
1651 4613 1701 4690 (in

160 4718 260 4782 lestes
275 4713 400 4781 animae
419 4709 639 4774 demitterent.
933 4777 946 4804 Ι
956 4713 1085 4796 Pyrrho
1102 4732 1133 4800 p.
1150 4733 1191 4778 m.
1207 4711 1296 4795 387.)
1322 4715 1366 4776 At
1381 4712 1526 4778 Eusebio
1547 4713 1582 4775 hi
1597 4715 1704 4808 Mpce·
