4440 5550
1087 447 1373 534 EVDOCIA·

1022 754 1026 764 ’
1070 721 1352 838 'rnnrrrm

698 945 918 1014 ·Aurei'.
960 985 971 1008 .
1014 907 1079 1010 ..-
1120 988 1131 1013 0
1173 943 1240 1013 ι’.

753 1047 858 1113 Aurei
879 1065 963 1111 msx.
985 1041 1075 1108 mod.
1119 1087 1130 1108 .
1171 1088 1182 1108 .
1224 1089 1234 1112 .

662 1177 664 1182 ·
753 1147 915 1232 Argentei
963 1185 1237 1211 ......

755 1246 918 1332 Argentoi
939 1267 1023 1312 mex.
1045 1243 1134 1309 mod.
1172 1286 1183 1306 .
1225 1288 1236 1310 .

755 1350 863 1416 senei
884 1369 968 1412 mex.
990 1346 1117 1411 moduli
1173 1365 1254 1428 .’.,

757 1453 862 1530 Aepei
879 1453 920 1519 ss.
937 1465 973 1516 et
991 1451 1048 1517 111.
1061 1449 1190 1516 formae
1222 1493 1233 1516 .

1276 1087 1661 1115 ........
1703 1049 1837 1116 nm

1279 1151 1739 1234 ‚·....‚.,‚‚c
1886 1173 1889 1182 ·

1279 1290 1659 1319 ········
1700 1255 1773 1317 BR.

1279 1390 1660 1420 ........
1701 1353 1807 1420 ΗΒΕ.

1276 1492 1661 1521 ········
1703 1457 1742 1522 C·

1027 1766 1143 1826 AM.
1186 1765 1440 1827 EVDOCIA.

526 1961 661 2028 Aresdii
681 1979 784 2038 uxor,
804 1957 936 2022 ustione
957 1955 1111 2036 bsrbsre,
1131 1979 1207 2022 uem
1259 1962 1349 2044 perir·
1363 1962 1461 2036 asni,
1482 1969 1515 2024 et
1528 1944 1714 2024 consulates
1728 1965 1912 2044 comiquers·
1925 1975 2009 2040 sset,

461 2065 525 2130 fuit
552 2063 619 2127 filis
651 2064 779 2128 comitis
800 2060 956 2124 Bsutonis
977 2060 1114 2136 Fusnei,
1148 2060 1207 2122 sed

459 2166 577 2230 militis
604 2165 700 2243 olari,
733 2178 767 2230 et
790 2163 831 2228 sd
859 2162 1062 2226 consulatum
1088 2161 1206 2226 evecti.

454 2268 610 2334 Moribus
633 2287 736 2350 genus
758 2287 852 2330 suum
874 2284 940 2327 non
962 2263 1102 2338 inficiata
1120 2261 1208 2324 fero·

460 2371 545 2434 ciem
575 2367 734 2456 quendem
765 2367 937 2452 praetulit,
978 2381 1046 2429 tum
1078 2377 1112 2426 et
1143 2363 1209 2426 eni·

460 2493 551 2534 mum
577 2468 767 2544 subdolum,
797 2489 862 2554 quo
886 2451 1017 2542 effodit,
1048 2481 1082 2528 ut
1112 2465 1209 2526 meri-

459 2581 528 2637 tum
553 2571 681 2655 plene'
671 2592 705 2631 ιιι
725 2581 887 2651 potestate
911 2568 1064 2642 haberet,
1089 2567 1209 2650 gravis·

462 2675 621 2738 simorum
637 2671 670 2730 in
686 2670 825 2752 imperio
840 2669 909 2752 ipss
926 2671 1083 2732 melorum
1103 2687 1205 2730 esuss.

461 2772 604 2837 Arcadio
626 2772 736 2853 junctu
761 2790 844 2834 enno
861 2770 942 2852 395,
971 2771 1084 2834 vivere
1112 2767 1209 2832 desiit

464 2894 549 2938 enno
567 2881 647 2949 eol,
667 2870 778 2955 paullo
795 2885 926 2956 postes,
950 2893 1044 2956 quum
1062 2873 1105 2936 Ι).
1119 2874 1210 2934 loen-

461 2993 538 3036 nem
563 2974 831 3056 chrysostomum
859 2971 937 3035 sede
963 2972 1144 3090 pontificia,
1176 2987 1210 3037 et

462 3078 531 3160 ipss
546 3074 628 3140 urbe
644 3075 813 3160 ejecisset,
836 3075 970 3138 unde'
939 3095 1069 3158 prorum
1086 3074 1210 3180 animos

463 3179 593 3262 penitus
615 3201 634 3244 e
655 3198 691 3244 se
714 3179 842 3242 evertit.

642 3413 648 3432 ι
706 3469 724 3522 ⁸
763 3388 801 3448 N
805 3385 943 3484 umet·

528 3585 688 3677 Queritur
725 3583 975 3666 Benduriust),
1013 3580 1209 3680 entiqusrios

464 3687 702 3774 praecedentes
725 3687 837 3772 inique
860 3685 1064 3751 distribuisse
1082 3706 1209 3760 numos,

465 3793 522 3878 qui
556 3792 625 3859 sive
659 3790 875 3866 Evnocm,
908 3790 976 3851 sire
1008 3785 1209 3854 Evooxts

1264 2063 1397 2144 ideoque
1418 2065 1464 2140 ud
1476 2066 1547 2141 ojus
1565 2065 1730 2144 conjuqem
1742 2067 1913 2142 pertinent.
1943 2067 2010 2144 19⁸¹·

1264 2171 1316 2222 {ur
1343 2166 1512 2228 Theodosii
1524 2168 1607 2246 jure..
1624 2169 1744 2242 conjux
1760 2166 1830 2243 sui!
1844 2167 2009 2240 Euareia,

1264 2265 1410 2325 Eudocia
1432 2265 1579 2325 Arcadii.
1618 2265 1710 2325 Haeo
1732 2263 1795 2327 viri
1816 2265 2010 2346 praestantis

1264 2363 1424 2426 sententie
1446 2374 1483 2425 ut
1505 2361 1554 2425 sui
1573 2376 1666 2445 perte
1685 2364 1771 2429 houd
1796 2364 1895 2428 dubie
1919 2377 2012 2430 certe

1265 2476 1331 2539 est,
1354 2463 1400 2526 sie
1419 2483 1490 2528 eam
1508 2463 1610 2526 sltem
1626 2479 1718 2547 psrte
1735 2465 1854 2530 fallere
1874 2487 1940 2530 uon
1958 2487 2011 2530 va·

1264 2583 1306 2626 ne
1322 2565 1480 2647 suspicor.
1521 2566 1617 2629 Certo
1636 2582 1775 2650 estpars
1789 2567 1903 2651 prior,
1926 2585 2009 2651 quse

1265 2663 1380 2742 docet,
1410 2686 1526 2730 numos
1548 2667 1744 2746 muliebres,
1778 2672 1832 2756 qui
1856 2669 2012 2734 rPheodo·

1266 2768 1306 2830 sii
1323 2769 1390 2850 jun.
1413 2790 1514 2834 unnos
1538 2783 1571 2834 et
1592 2773 1778 2835 consulatus
1801 2771 2012 2855 inscripsere,
2055 2783 2062 2802 ⁸

1266 2869 1307 2932 od
1331 2869 1479 2952 ejusdem
1501 2871 1682 2937 Theodosii
1709 2866 1846 2936 uxorem
1870 2875 2013 2958 pertiue-

1266 2991 1321 3046 re,
1353 2986 1385 3036 et
1415 2992 1481 3034 non
1508 2974 1645 3058 perinde
1677 2987 1767 3038 certe
1794 2997 1870 3057 pers
1900 2978 2013 3053 alters,

1267 3091 1341 3134 oum
1358 3073 1434 3136 inde
1451 3077 1608 3160 consequi
1625 3078 1747 3160 unguit,
1770 3077 2014 3146 numosinsori·

1268 3187 1340 3256 ptos
1359 3179 1506 3238 Eudocr‘a
1523 3199 1596 3240 esse
1613 3179 1722 3239 uxoris
1740 3179 1882 3255 Arcadii,
1899 3179 2013 3242 inseri·

1266 3288 1341 3357 ptos
1365 3281 1517 3340 Eudemia
1541 3299 1615 3342 esse
1638 3279 1750 3342 uxoris
1773 3278 1954 3344 Theodosii
1973 3281 2011 3340 ΙΙ.

1266 3375 1399 3439 Etenim
1422 3399 1463 3440 ex
1488 3381 1560 3444 eliis
1578 3383 1684 3446 euusis
1704 3381 1932 3465 probabimus,
1957 3402 2015 3443 nu·

1267 3499 1338 3544 mos
1359 3479 1503 3563 sliquos,
1526 3483 1559 3543 in
1580 3485 1696 3568 quibus
1716 3485 1838 3566 legitur
1855 3488 2013 3560 Eudocia,

1267 3583 1337 3646 sine
1366 3581 1466 3645 dubio
1494 3584 1686 3648 tribuendos
1714 3585 1811 3648 uxori
1833 3583 2015 3648 Theodosii

1268 3686 1307 3749 11.
1351 3686 1501 3762 Constat,
1530 3705 1636 3769 neque
1656 3686 1743 3749 istud
1762 3688 1833 3770 ipse
1853 3685 2015 3748 diffitetur

1268 3786 1470 3862 Bendurius,
1501 3793 1669 3868 scriptores
1698 3792 1734 3850 io
1762 3787 1925 3874 utriusque
1948 3793 2015 3848 Au·

429 3940 432 3948 2
462 3895 706 3970 inscribuntur,
728 3894 893 3975 sonuitque
916 3891 999 3954 hene
1021 3890 1154 3972 Iegem:
1182 3889 1213 3950 ιι·
1265 3893 1391 3985 prestas:
1406 3893 1533 3951 nomine
1555 3889 1720 3952 scriberetis
1745 3892 1906 3962 variasse,
1929 3907 2014 3968 ergo

464 4004 537 4082 quis
558 4019 673 4060 numm
690 4001 869 4076 reperiatur
885 4016 957 4057 cum
974 3997 1018 4054 iis
1040 4004 1212 4067 temporem

465 4102 567 4172 notis,
589 4117 673 4178 quae
690 4099 734 4156 in'
743 4099 932 4158 alterutram
947 4099 1128 4173 Aupustam
1143 4102 1213 4152 tun·

378 4251 382 4258 .
466 4208 534 4261 tum
555 4197 761 4269 conveniam,
783 4199 858 4256 lessio
879 4197 1101 4256 adscribuntur
1121 4195 1211 4255 numi

467 4317 588 4386 onmes,
611 4296 669 4380 qui
692 4296 776 4355 idem
796 4315 910 4356 nomen
927 4298 1131 4374 praeferunt,
1154 4297 1212 4378 qui

466 4407 642 4474 diuersum,
670 4399 781 4460 atteri.
825 4396 927 4478 Aequi
958 4399 1129 4457 Eudoxias
1157 4415 1214 4458 η.

467 4515 556 4570 sioni
574 4504 679 4576 numi,
701 4501 737 4562 ie
757 4499 871 4584 quibos
890 4491 1060 4560 Theodosii
1065 4502 1141 4574 jem.
1155 4504 1213 4562 r'm·

503 4717 535 4791 s)
554 4713 622 4790 Pus·
641 4707 724 4780 ⁵56?

1269 4009 1351 4071 quoe
1368 3987 1524 4064 Eudouis,
1541 3990 1655 4051 eedem
1670 3990 1765 4052 etiem
1785 4012 1801 4050 s
1823 3989 2013 4052 monetariis

1268 4089 1418 4152 Eudoxis
1442 4089 1540 4154 scribi
1565 4104 1713 4174 poterat,
1744 4089 1921 4173 praecipue
1941 4109 2015 4154 euru

1267 4207 1441 4276 utrumque
1469 4192 1663 4256 vocubuium
1691 4192 1732 4255 nb
1760 4192 1876 4255 endem
1903 4190 2015 4256 redico

1269 4293 1423 4368 ducetur,
1455 4306 1489 4355 et
1516 4308 1690 4380 utrumque
1720 4293 1933 4360 honorificem
1960 4292 2016 4358 bs·

1269 4397 1345 4459 best
1373 4394 1661 4478 significetionern‚
1696 4411 1729 4461 et
1759 4399 1835 4460 sstis
1860 4393 2015 4460 udiiuem.

1271 4497 1337 4594 Qui
1363 4499 1496 4582 utrique
1524 4499 1690 4594 tribuendi
1718 4499 1889 4565 videantur
1916 4501 2016 4574 numi,
