4476 5564
560 437 637 516 ou
671 405 1037 516 'r'n1nvn1r1t
1070 435 1446 514 roras‘rara.
1566 400 1592 436 ⁵
1706 459 1780 534 nr

241 625 311 714 eiua
333 625 408 695 anni
429 623 601 702 tribuitur,
632 619 719 706 quoti
747 641 877 684 ruraom
907 620 984 682 inei·
1039 623 1146 708 Atque
1176 615 1237 686 ha'o
1267 617 1395 685 oauaae'
1414 635 1505 699 rant,
1530 617 1597 686 'nor
1624 625 1784 710 epigram.

239 731 330 818 gnita
357 729 474 795 iaiaum
505 741 565 789 eat.
608 727 644 786 in
676 745 753 787 arou
783 721 980 806 triumphali,
1030 723 1160 788 vmatniu
1190 739 1338 790 veterum
1369 726 1524 810 catologi,
1555 747 1636 810 quor
1665 729 1785 822 Grute-

239 834 294 916 qui
325 845 430 895 exstat
457 829 659 912 Segnaiono,
690 827 730 888 ab
761 825 831 888 aiiia
860 826 983 887 lectum
1040 847 1115 902 rua,
1161 829 1371 906 Muratoriua,
1422 843 1456 893 et
1497 829 1685 913 quicunqne
1730 833 1786 894 aiii

240 939 328 1000 ute.
349 934 455 1010 xiil„
478 933 518 998 ab
539 931 610 992 aliia
633 929 721 992 tttt’.
744 927 891 1006 xt111.·)
919 927 985 989 Εο·
1041 928 1228 1012 quantaevis
1249 931 1463 1012 praeatantiae
1477 930 1553 996 *riri
1574 931 1785 1012 congessero,

240 1037 316 1102 riam
353 1035 452 1099 modo
489 1031 644 1096 rnriatum
677 1030 710 1092 in
745 1027 985 1113 promulgando
1039 1031 1074 1090 in
1092 1029 1336 1114 promulgandis
1357 1033 1442 1095 notia
1459 1031 1702 1114 chronologicis
1720 1046 1785 1098 taut

241 1141 493 1224 epigrammate,
516 1133 603 1218 quod
626 1131 747 1216 legitor
762 1131 796 1192 in
816 1149 893 1194 arou
911 1135 987 1212 pori
1042 1132 1202 1214 graviter,
1242 1144 1372 1221 tamque
1408 1134 1601 1216 frequenter
1637 1149 1786 1217 peccent,

240 1233 562 1316 tuaA'nnonitanib).
586 1232 793 1314 liiudipaum
812 1252 884 1295 cum
904 1231 985 1293 mui-
1042 1245 1078 1296 ut
1100 1232 1263 1316 spondere
1286 1236 1356 1317 ipae
1379 1233 1473 1298 irrite
1496 1237 1635 1318 portior,
1667 1255 1710 1298 ex
1738 1239 1787 1300 in·

241 1358 293 1418 to,
327 1361 422 1426 qnam
453 1339 608 1401 haotenua
638 1333 774 1410 fantum,
803 1333 985 1396 correctior
1042 1335 1272 1417 aoriptionibua
1307 1335 1443 1409 decern,
1484 1356 1562 1418 quaa
1597 1336 1631 1397 in
1671 1355 1786 1400 eorum

241 1464 276 1506 ae
322 1458 509 1525 proponere
551 1437 766 1521 profiteretur
807 1433 849 1498 ol.
888 1435 986 1498 abban
1043 1437 1198 1519 operibor
1219 1437 1321 1500 aditae
1342 1437 1506 1520 reperias,
1530 1436 1585 1501 vix
1605 1458 1678 1501 erro
1699 1453 1816 1515 ooto,.

241 1545 310 1608 Fea
339 1545 374 1606 iu
404 1540 656 1604 Winiteimanno
690 1555 749 1599 ouo
774 1537 822 1619 ο),
853 1556 896 1598 en
925 1535 985 1598 tibi
1043 1559 1121 1620 quaa
1144 1539 1249 1621 poeaia
1271 1539 1395 1602 erroria
1418 1537 1603 1622 turpiciono
1627 1539 1788 1606 immuneo
1865 1611 1870 1624 ,

241 1648 377 1712 aiteram
395 1643 434 1705 ab
453 1662 494 1704 eo
515 1642 694 1724 inopertam
713 1639 888 1716 maoularn,
912 1659 985 1702 oum
1042 1639 1165 1704 tentari.
1193 1639 1246 1700 Ex
1264 1639 1315 1703 tt·
1333 1659 1412 1722 ergo
1432 1651 1545 1721 auapte
1562 1653 1666 1724 patet,
1689 1635 1787 1725 qunn'·

241 1747 287 1808 ibi
311 1765 371 1828 pro
393 1757 503 1818 certo,
535 1761 572 1805 ao
594 1741 781 1804 neeeaaario
811 1739 906 1804 COS.
929 1741 985 1806 vt.
1043 1753 1077 1802 to
1100 1741 1172 1822 plue
1195 1741 1235 1803 ad
1257 1740 1438 1824 praesentia
1461 1743 1644 1824 argumenti
1668 1745 1788 1809 enode-

241 1847 370 1931 legatur
397 1845 497 1909 cosr
524 1847 577 1912 IV.
621 1843 732 1908 Faoiie
761 1841 910 1918 credam,
942 1855 987 1923 ty·
1043 1841 1168 1905 tionem
1191 1833 1361 1906 conferant
1380 1843 1490 1918 numi,
1525 1861 1620 1930 quam
1651 1865 1789 1909 ruarmo·

242 1949 394 2032 pothetae
419 1944 791 2027 earnritioirrapaiaae.
834 1947 878 2005 At
899 1943 986 2005 enim
1044 1965 1092 2008 ra.
1135 1942 1266 2006 Etenim
1294 1943 1328 2006 ai'
1349 1945 1439 2004 nomi
1466 1943 1564 2019 editi,
1595 1944 1648 2008 rel
1671 1965 1788 2010 eornm
1848 1983 1861 1998 ι

242 2071 356 2134 parum
395 2049 490 2112 nobia
525 2048 708 2110 oonauitum
746 2059 911 2127 putamur,
948 2043 986 2118 ai,
1045 2044 1595 2130 praeeoneanobiaauntsuspecti,
1617 2067 1791 2130 poaaumua

243 2152 330 2237 qnod
356 2151 469 2216 vitium
493 2149 577 2210 oarit
603 2163 735 2223 auctor,
757 2147 867 2209 intulit
892 2145 988 2208 libra·
1045 2167 1160 2210 eornm
1190 2143 1416 2211 auctoritatem
1445 2165 1624 2229 reponere,
1653 2167 1726 2210 cnm
1754 2147 1789 2208 in

242 2253 323 2317 rius.
366 2254 457 2332 Ergo
481 2251 509 2312 ai
531 2263 594 2310 tarn
618 2248 751 2338 copioae
773 2260 917 2311 erratum
938 2259 989 2310 eat
1044 2247 1276 2313 illustrioribua
1300 2249 1421 2311 muaeia
1448 2261 1576 2311 exstent
1598 2243 1715 2333 'magna
1736 2267 1791 2312 eo·

242 2355 278 2416 in
316 2350 483 2436 capiendia
519 2351 761 2433 epigrammatis
799 2370 840 2411 ex
876 2368 990 2410 monu-
1045 2354 1096 2438 pia
1113 2350 1219 2429 numi,
1242 2369 1421 2434 eorumque
1438 2351 1544 2414 indier
1561 2364 1719 2434 angeatur
1733 2371 1791 2414 nn·

243 2455 361 2520 mentia
383 2451 542 2536 publicio,
576 2465 610 2512 et
640 2452 753 2535 optimi
776 2453 848 2514 aovi
879 2452 989 2513 chara·
1045 2475 1172 2529 merua,
1195 2473 1335 2536 quorum
1358 2465 1427 2514 tuto
1450 2455 1611 2536 poaaimna
1636 2465 1722 2515 atare
1743 2466 1791 2516 te·

243 2555 388 2621 oteribua
416 2554 596 2637 inaignitia,
637 2568 670 2616 et
701 2575 718 2615 a
751 2551 988 2634 ririr.quidem
1047 2553 1225 2630 stimoniia,
1251 2554 1792 2637 etmaloamajoribnareoitatoa

242 2658 414 2744 praeclaro
445 2656 600 2731 eruditio,
631 2675 727 2740 quam
757 2655 903 2718 enormia
933 2673 989 2715 no·
1047 2658 1229 2738 corrigere.
1279 2657 1321 2718 At
1342 2677 1407 2717 non
1430 2655 1544 2718 eadem
1566 2656 1599 2717 in
1622 2656 1792 2718 marmori-

242 2780 335 2823 oeaao
359 2772 409 2822 eat
434 2778 533 2841 raepe
557 2758 696 2835 ariminen
718 2769 852 2841 peccata
876 2755 910 2815 in
934 2755 999 2818 do··
1046 2759 1107 2821 bun
1138 2758 1382 2842 opportunitaa,
1414 2777 1551 2840 quorum
1582 2777 1657 2820 oum
1688 2754 1792 2836 major
1904 2761 1923 2788 '·

242 2861 424 2926 acribendia
445 2861 679 2936 marmoribus,
700 2853 845 2944 quorum
859 2859 989 2922 charac-
1045 2881 1121 2948 pare
1144 2858 1279 2941 disjecta
1300 2860 1361 2932 ait,
1384 2859 1491 2921 autin
1514 2859 1595 2921 aiioa
1619 2879 1693 2920 uaua
1716 2877 1792 2921 con·

243 2977 333 3027 terea
362 2963 417 3027 vel
446 2977 521 3028 aunt
550 2961 782 3038 semibarbari,
821 2960 875 3026 vei
906 2979 988 3026 aero
1046 2983 1161 3039 veroa,
1185 2975 1238 3024 aut
1259 2958 1316 3022 nbi
1337 2961 1486 3024 locorum
1508 2961 1587 3036 aiot,
1609 2961 1792 3042 ignoretur,

244 3064 369 3140 oritoni,
400 3063 678 3146 praecipneoum
706 3062 794 3126 iatud
825 3073 989 3127 tentarent
1041 3079 1100 3154 ¹aut
1130 3062 1171 3127 ad
1202 3082 1240 3125 ea
1270 3062 1391 3124 iterum
1423 3059 1622 3125 consulenda
1653 3075 1791 3144 propter
1870 3061 1874 3068 ’

243 3165 374 3248 ingenia
388 3185 502 3247 parum
522 3164 664 3240 erudita,
682 3179 738 3229 aut
750 3165 862 3246 exigui
876 3166 908 3226 in
927 3165 988 3226 hao
1045 3163 1245 3240 diatantiant,
1276 3163 1418 3247 aliaeque
1449 3185 1561 3228 naneae
1582 3159 1726 3224 difficilia
1748 3163 1791 3226 ait

224 3259 414 3348 ‘riiaoipiina
432 3265 531 3327 urna?
558 3249 604 3326 iit
625 3266 753 3328 veroin
771 3265 987 3349 excerpendis
1044 3287 1213 3342 noeoeane,
1235 3285 1374 3329 neneaae
1398 3279 1448 3329 eat
1468 3266 1508 3328 iia
1531 3263 1691 3329 eomodo
1712 3264 1789 3341 frui,

168 3405 175 3413 ·
244 3369 390 3430 numeria
413 3379 502 3428 tuoto
526 3367 655 3428 facilius
680 3367 831 3429 accidunt
855 3381 989 3448 peooata
1043 3391 1111 3454 qno
1139 3359 1302 3451 deeoripta
1331 3381 1415 3430 runt.
1459 3367 1669 3460 Quapropter
1690 3389 1791 3454 panea

244 3469 343 3533 etiam
375 3467 531 3543 eruditio,
566 3469 674 3551 quia,·
693 3469 763 3532 rivo
795 3469 865 3529 Tit.
889 3473 925 3530 P.
948 3467 989 3527 X.
1046 3473 1123 3532 artie
1158 3469 1332 3552 lapidariae
1364 3483 1574 3544 monomenta
1604 3472 1681 3534 hoio
1718 3491 1793 3554 poa·

243 3573 313 3636 oire
336 3573 391 3634 xt.
425 3551 585 3644 arribant,
617 3569 692 3630 duro
724 3569 879 3630 marmori
908 3567 991 3630 ariri·
1046 3584 1121 3634 aunt
1144 3570 1286 3632 examini
1307 3571 1388 3634 citra
1411 3574 1534 3634 erroria
1553 3572 1795 3636 metnmrerri·

245 3672 806 3759 dent,lapaomnonauapicantur,
826 3669 990 3734 andhuno
1045 3693 1101 3749 re,
1131 3671 1284 3732 nimirum
1315 3691 1478 3734 marmora
1507 3684 1629 3734 tantum
1660 3653 1791 3755 noblioe

245 3791 313 3839 tum
348 3774 479 3838 domurn
514 3773 671 3856 auspicari
706 3775 881 3860 incipiunt,
916 3791 989 3832 oum
1045 3763 1167 3859 gioaita,
1199 3785 1295 3858 atque
1326 3771 1407 3835 haec
1438 3791 1455 3833 a
1485 3771 1563 3836 viria
1594 3773 1726 3854 peritia,
1757 3785 1793 3836 at

244 3876 405 3942 rnbduoto
437 3877 527 3938 domi
555 3876 682 3938 calonio
710 3895 776 3939 non
805 3891 990 3960 congruere
1046 3897 1142 3940 oaoaa
1158 3859 1289 3960 guidem
1306 3873 1542 3957 chronologiae
1555 3873 1701 3957 inapeota
1716 3893 1792 3938 oon·

243 4001 398 4044 numeros
419 3978 625 4061 intelligunt,
657 3994 690 4040 at
710 3977 821 4044 redire
845 3977 885 4045 art
908 3997 992 4038 mar·
1046 3979 1211 4066 auitoque,
1244 3978 1333 4062 quod
1362 3975 1402 4039 ab
1432 3975 1676 4040 adcuratieaimo
1698 3975 1794 4039 Nori·

243 4101 317 4145 mor
338 4081 475 4164 amplior
497 4102 564 4144 non
584 4095 740 4165 poaaont,
761 4101 861 4163 aaepo
883 4083 916 4141 in
938 4101 992 4144 re·
1046 4081 1096 4144 aio
1119 4102 1184 4145 non
1207 4081 1311 4144 romei
1333 4079 1453 4144 iactum
1474 4079 1633 4144 norimoa.
1662 4077 1792 4144 ‘serina

244 4185 432 4249 motiaaimia
459 4185 558 4248 terria
584 4205 647 4269 per
675 4187 741 4250 iter
767 4197 989 4268 oonrpeotom.
1047 4205 1163 4268 magna
1181 4202 1257 4249 oum
1280 4183 1445 4269 voluptate
1467 4181 1554 4262 ridi,
1576 4182 1610 4245 iu
1631 4179 1695 4248 hoo
1716 4201 1791 4248 nteo

282 4517 314 4588 a)
332 4513 474 4571 Muratoti
494 4533 561 4593 pag.
583 4525 663 4590 1095.
683 4516 741 4575 rab.
762 4511 798 4576 ll.
819 4530 847 4576 et
867 4517 919 4580 111.
1007 4516 1044 4591 b)
1067 4517 1178 4574 Gruter·
1196 4537 1264 4596 pag·
1283 4527 1346 4584 247·
1365 4519 1392 4584 6·
1429 4515 1561 4575 Fabretti
1581 4515 1618 4575 de
1637 4517 1692 4578 coi.
1711 4489 1797 4592 Trai:

246 4603 914 4758 glag.·te3.³73VailiantinColoorpag.150.
952 4607 1078 4670 Pedrnsi
1098 4609 1383 4710 iimFatn.'l'om.
1403 4607 1454 4672 vt.
1474 4618 1624 4686 pag-221·
1671 4611 1702 4684 o)
1720 4607 1789 4674 Vol.

276 4713 565 4868 'pirorsrrnn
1321 4783 1326 4792 ·
1486 4788 1592 4853 aaa
