4404 5564
1065 555 1274 628 ADDE

424 744 426 748 ·
481 749 544 814 que
569 727 605 787 in
631 725 778 810 utrisque
801 743 960 808 apparere
982 736 1104 786 certam
1128 708 1227 809 quan·

479 829 554 892 dam
577 828 701 890 metalli
722 824 959 901 differentiam,
983 826 1162 904 mixtione,
1191 840 1226 889 ut

444 917 446 924 Ι
478 931 586 996 videri
602 929 722 1013 possit,
746 929 780 990 iu
799 925 948 992 omnibus
966 927 1107 990 fortuita.
1139 927 1224 990 Sane

477 1035 512 1094 in
531 1031 571 1094 iis
596 1051 744 1115 quoque,
770 1031 827 1115 qui
848 1028 1017 1114 pondere,
1041 1027 1225 1105 volumine,
1263 1075 1266 1082 .

476 1134 562 1217 typis
580 1145 654 1195 sunt
669 1131 838 1209 simillimi,
855 1132 921 1195 hoc
939 1150 1040 1194 unum
1057 1129 1226 1196 observari

478 1235 674 1310 discrimen,
693 1233 779 1317 quod
796 1234 851 1296 alii
868 1233 954 1316 plus,
976 1233 1030 1296 alii
1046 1233 1151 1294 minus
1172 1253 1227 1295 cu·

477 1335 530 1420 pri
554 1337 737 1412 continent,
765 1349 798 1398 et
818 1335 904 1398 sorte
919 1334 973 1398 vix
989 1347 1092 1398 exstat
1108 1355 1224 1404 numus

477 1449 590 1513 vetus,
615 1437 671 1518 qui
688 1457 772 1519 puro
796 1436 838 1498 sit
856 1456 975 1518 cupro,
1003 1434 1152 1497 omnibus
1165 1435 1227 1496 ali-

480 1561 542 1623 qua
553 1539 667 1601 saltem
682 1536 836 1600 materiae
849 1536 1092 1619 heterogeneac
1106 1535 1226 1598 admix-

479 1641 569 1703 tione
593 1639 799 1713 adulteratis‚
816 1658 924 1721 nequo
940 1637 1026 1699 istud
1044 1639 1076 1698 in
1095 1659 1226 1700 romana

422 1755 426 1764 “
478 1743 584 1804 solum
603 1753 751 1815 moneta,
768 1739 827 1800 sed
842 1740 966 1801 Graeca
984 1759 1126 1823 quoque.
1147 1741 1228 1801 Per·

478 1862 575 1905 corre
601 1862 716 1903 numos
742 1840 871 1904 urbium
893 1841 1034 1906 Maesiae
1054 1841 1227 1904 Thraciae·

481 574 506 643 lt

371 2015 378 2026 ,
407 2020 411 2027 ¹
478 1965 554 2029 que,
579 1943 760 2025 Phrygiae,
785 1942 915 2022 Syriae,
934 1943 1075 2025 Aegypti
1089 1955 1152 2005 etc.
1175 1945 1227 2004 Ex

479 2065 545 2129 quo
559 2045 632 2128 jure
650 2046 728 2106 licet
745 2063 897 2127 arguere,
915 2043 1090 2106 discrimen
1106 2043 1226 2106 valoris

479 2168 552 2210 esse
569 2146 603 2206 in
619 2146 723 2207 numis
738 2145 776 2207 iis
792 2156 856 2206 non
873 2145 1036 2228 potuisse,
1057 2145 1092 2206 in
1110 2144 1225 2228 quibua

478 2263 543 2311 tam
565 2241 647 2330 ¹ragat
672 2249 735 2310 fuit
761 2268 798 2310 ac
825 2245 984 2308 fluctuans
1017 2247 1226 2309 metallorum

480 2371 537 2413 eos
559 2350 823 2412 constituentium
847 2347 1043 2415 distributio.
1073 2349 1141 2411 Aes
1170 2347 1226 2410 lla·

416 2507 420 2514 .
479 2451 556 2515 rrim
567 2451 601 2510 in
614 2452 737 2534 majore
749 2451 849 2514 fuisse
866 2451 951 2534 apud
963 2463 1095 2515 veteres
1107 2449 1225 2533 pretio,

479 2573 574 2638 quam
588 2573 742 2636 cuprum,
758 2566 793 2615 ot
809 2551 956 2636 quidem,
971 2565 1006 2614 ut
1020 2551 1224 2615 confidenter

479 2655 617 2730 adserit,
646 2654 765 2736 duplo,
792 2673 856 2736 quo
884 2666 1016 2715 auctore
1032 2653 1223 2736 'acceperitt

478 2756 608 2838 ignoro.
637 2754 674 2816 Si
695 2775 809 2820 verum
826 2753 888 2816 fuit
907 2755 1124 2831 orichalcum,
1147 2775 1226 2839 quo-

479 2858 566 2918 niam
585 2867 715 2920 veteres
736 2853 859 2918 dehoc
884 2855 1027 2916 metallo.
1040 2876 1144 2940 aeque
1168 2877 1225 2918 no-

478 2957 529 3020 bis
545 2956 710 3020 incondita
724 2956 901 3031 tradidere,
919 2976 1014 3039 quam
1030 2955 1071 3018 de
1090 2957 1225 3021 carbun-

479 3059 555 3124 culo
585 3080 659 3134 auo,
693 3073 727 3122 et
754 3080 955 3144 gemmarum
983 3061 1124 3136 virtute,
1153 3059 1223 3140 ejus

1298 555 1452 628 NDA

1282 725 1372 787 nium
1398 725 1621 808 Barthelemyi
1652 725 1729 789 ibid.
1762 745 1836 810 pag.
1862 726 1977 793 XXV.
2015 727 2065 786 in

1282 842 1369 892 nota.

1569 1013 1651 1093 Peg.
1670 1010 1749 1076 LII.

1346 1131 1430 1200 Vide
1445 1129 1601 1196 nonnulla
1616 1127 1785 1194 observata
1801 1129 1842 1191 ad
1856 1131 1965 1213 Caput
1981 1132 2055 1194 xt.

1283 1235 1315 1296 in
1331 1229 1575 1315 Encyclopddie
1589 1229 1801 1314 methodique
1814 1231 1871 1294 des
1884 1232 2055 1316 Antiqui·

1283 1335 1332 1398 ter
1351 1335 1410 1397 sub
1431 1338 1523 1398 Cuia.
1597 1427 1605 1440 Ι

1514 1521 1595 1601 Peg.
1613 1515 1795 1582 LXXVII.

1349 1637 1454 1698 Etiam
1471 1637 1505 1697 in
1524 1637 1667 1699 Neronis
1685 1651 1816 1700 moneta
1831 1649 1958 1702 e'xetant
1982 1662 2050 1701 nu·

1286 1739 1331 1802 mi
1349 1740 1460 1816 aenei,
1479 1739 1535 1822 qui
1551 1735 1608 1801 has
1621 1751 1713 1802 notae
1730 1761 1956 1822 suppressere.

1398 1927 1480 2005 rag.
1495 1923 1662 1988 cxxxi.
1679 1925 1742 1990 col.
1758 1941 1786 1990 c.
1810 1925 1870 1990 lin.
1883 1924 1914 1991 8.

1347 2042 1506 2106 Deleatur
1523 2041 1639 2148 Elidis.

1285 2227 1598 2312 Pag.tXXXV11.
1616 2229 1678 2291 col.
1695 2250 1721 2292 1.
1740 2229 1800 2294 lta.
1817 2229 1847 2292 3.
1863 2243 1958 2312 post:
1975 2235 2040 2312 ju·

1420 2331 1541 2392 dicia
1562 2333 1767 2414 refutata
1789 2335 1891 2394 adde.-

1345 2449 1460 2512 Exstat
1491 2461 1600 2512 tamen
1629 2449 1722 2512 locus
1751 2451 1942 2534 singularis,
1975 2457 2036 2539 qui

1280 2549 1346 2613 huc
1362 2550 1521 2634 pertinet,
1542 2551 1627 2635 apud
1643 2555 1803 2616 Zonaram
1824 2557 1878 2636 (L.
1895 2555 1983 2622 XIV.
2002 2577 2034 2620 c.

1282 2653 1349 2734 cs).
1367 2654 1484 2716 Narrat
1505 2653 1532 2716 is
1550 2653 1591 2717 dc
1608 2655 1783 2718 iustiniano
1798 2655 2031 2720 Rhinotmeto:

1282 2775 1339 2828 τας
1359 2775 1432 2834 προς
1452 2777 1520 2830 τους
1534 2758 1661 2838 Apuliae
1678 2761 1830 2834 συυθηκεις
1848 2763 2031 2840 maerorem,

1281 2853 1381 2918 cismar
1406 2856 1554 2936 ἕτληφως,
1584 2856 1632 2922 dre
1658 2863 1751 2934 salter
1775 2879 1811 2920 ro
1834 2859 2033 2936 reverterer

1281 2969 1370 3040 cogor
1386 2979 1542 3044 Xaearppa
1563 2959 1595 3022 oti
1615 2959 1769 3043 Proprium
1790 2959 1857 3048 εἰχι
1875 2973 2031 3046 coempto·

1281 3081 1344 3142 μα,
1366 3056 1453 3122 ἄλλα
1471 3083 1529 3123 reor
1551 3062 1695 3142 Αραβιον.
1724 3055 1810 3124 Ovdr
1828 3085 1892 3147 epae
1910 3063 1979 3144 ἐξην
1998 3063 2030 3126 r'r

478 3163 621 3245 pretium
637 3163 740 3225 multo
755 3161 877 3225 auctius
891 3160 996 3243 potuit
1009 3159 1223 3234 constituere3
1279 3177 1386 3244 χρυσῳ
1406 3183 1570 3245 refraenare
1592 3185 1769 3249 χαρακτηρα
1792 3161 1986 3228 irroraverat
2011 3164 2030 3242 η’

478 3285 552 3327 nam
565 3277 598 3326 et
609 3261 678 3347 ipse
689 3263 935 3349 cl.Procopium
950 3261 1025 3325 citat
1034 3264 1125 3344 (Pag.
1141 3262 1225 3340 168),
1267 3277 1274 3286 '

414 3377 418 3390 ’
480 3387 544 3451 quo
563 3379 647 3428 toste
664 3365 746 3428 illud
765 3367 875 3430 valore
896 3366 969 3428 fere
992 3385 1065 3428 cum
1086 3377 1224 3446 argento

480 3468 718 3552 aequiparatur.
741 3467 799 3530 Sin
815 3487 951 3550 cuprum
966 3466 1166 3529 ordinarium
1180 3465 1227 3528 di·

479 3591 575 3634 versa
593 3571 749 3634 mixtione
770 3583 1004 3651 temperatum,
1029 3567 1120 3648 cujus
1137 3582 1227 3630 natu·

479 3691 537 3736 rae
553 3686 603 3736 eat
618 3693 714 3736 omne
728 3691 784 3734 aes
799 3669 929 3748 llarum,
943 3670 1024 3734 tanti
1038 3671 1136 3754 pretii
1149 3684 1228 3734 tam-

459 3793 545 3857 ¹que
573 3795 682 3838 rarum
709 3791 782 3836 etse
806 3793 871 3833 non
896 3773 1002 3856 potuit
1020 3773 1074 3837 vel
1095 3785 1227 3854 propte-

480 3894 556 3952 rea,
582 3876 660 3959 quia·
675 3874 758 3938 illud
777 3875 830 3938 tel
850 3873 1057 3936 tenuissimae
1082 3875 1225 3935 omnium

480 3977 653 4060 regionum
673 3977 772 4041 urbes
792 3989 943 4040 monetae
962 3995 1040 4039 auae
1055 3975 1225 4040 materiam

481 4099 553 4142 este
571 4080 756 4145 voluerunt.

440 4319 441 4322 ,
544 4268 627 4348 Peg.
646 4265 800 4332 XXXII.
823 4267 886 4332 col.
903 4285 933 4332 a.
953 4269 1013 4330 lin.
1032 4267 1078 4330 t'r.
1097 4287 1161 4346 seq.

544 4385 629 4448 Delo
648 4385 700 4450 hic
719 4385 804 4450 dicta
822 4385 864 4450 de
881 4387 1026 4451 Faliscis.

566 4540 645 4655 μα’ς.
662 4573 868 4638 mmm.
888 4574 951 4639 σοι.
970 4597 996 4638 ι.
1015 4571 1074 4635 aa.
1094 4573 1141 4634 aa

545 4693 639 4776 Lege
667 4691 707 4756 ad
734 4691 817 4757 hanc
840 4707 966 4756 causam
988 4691 1225 4776 praefationem

482 4793 600 4854 llomei
625 4792 665 4857 de
693 4795 794 4871 l'lsle,
824 4814 861 4856 ac
882 4795 1056 4879 praecipue
1081 4793 1225 4858 testimo·

1281 3285 1332 3325 ror
1357 3285 1410 3324 του
1436 3268 1587 3338 βασιλεως
1608 3263 1775 3347 Populus,
1804 3268 1931 3350 foedus
1954 3287 2028 3330 eum

1286 3367 1458 3430 Archibus
1495 3367 1606 3450 rupit,
1648 3386 1784 3430 causum
1811 3380 2029 3450 praetexens,

1284 3471 1372 3546 quod
1396 3471 1500 3531 missa
1522 3470 1594 3530 siba·
1619 3473 1723 3532 annui
1747 3471 1869 3532 tributi
1897 3485 2028 3534 moneto

1284 3583 1399 3653 typum
1425 3591 1490 3632 non
1512 3569 1870 3648 interamnanam,
1893 3575 1953 3634 sed
1975 3593 2029 3632 no·

1284 3693 1360 3734 uum
1380 3673 1578 3736 Arabicum.
1608 3671 1719 3754 Neque
1737 3675 1825 3736 enim
1847 3675 1946 3738 licuit
1963 3695 2029 3736 mo·

1285 3786 1381 3834 natue
1406 3791 1528 3835 aureae
1557 3775 1662 3836 aliam
1687 3777 1875 3856 imprimere
1899 3787 2026 3850 notam,

1285 3893 1383 3952 quam
1405 3876 1787 3958 imperatorisliomcai.
1818 3877 1870 3937 Ex
1896 3875 1959 3939 lioc
1982 3888 2026 3940 te·

1283 3973 1446 4051 stimonio,
1464 3974 1551 4058 quod
1567 3975 1713 4040 Bimardi
1727 3975 1917 4040 industriam
1933 3978 2024 4064 fugit,

1209 4093 1212 4100 ’
1283 4078 1442 4154 eruimus,
1459 4097 1496 4140 ca
1513 4091 1637 4156 aetate,
1657 4099 1719 4163 qua
1735 4079 1836 4164 magis
1854 4079 2026 4148 adhaera-

1282 4179 1367 4243 lidae
1388 4193 1495 4256 erant,
1514 4179 1747 4264 imperatorum
1765 4181 1912 4246 Orientis
1929 4183 2025 4258 vires,

1283 4295 1316 4344 et
1341 4265 1452 4345 ricinis
1474 4283 1603 4368 populis
1627 4283 1836 4360 formidatae,
1864 4269 2022 4350 exstitisse

1282 4383 1421 4468 aliquam
1437 4385 1559 4470 legem,
1578 4405 1660 4471 quae
1677 4386 1716 4447 iis
1732 4401 1881 4449 monetae
1896 4408 2022 4464 aureae,

1282 4485 1343 4548 nisi
1361 4487 1590 4570 imperatoriae
1608 4509 1702 4551 usum
1720 4487 1953 4566 interdiceret,
1972 4503 2023 4552 aut

1282 4589 1377 4652 etiam
1408 4587 1459 4672 jus
1489 4589 1725 4676 imprimendae
1757 4591 1891 4655 alterius
1929 4605 2020 4657 notae

1280 4703 1507 4775 praeterquam
1528 4693 1684 4776 principis
1705 4695 1860 4772 Romani,
1888 4715 2019 4780 eamque

1281 4793 1343 4874 jam
1372 4791 1507 4857 infirmia
1533 4797 1755 4859 Romanorum
1785 4797 1885 4860 rebus
1921 4797 2020 4862 adhuc
