4476 5564
391 251 399 282 l

450 419 523 494 tto

455 605 529 652 aem
550 565 765 667 inlr-ingeret,
794 576 983 661 ignoramus
1011 592 1132 657 aeque,
1161 595 1199 638 ac

455 691 550 774 plura
568 685 690 750 veteris
707 683 778 746 sesi
796 682 876 756 alia,
899 678 999 740 rebus
1018 677 1199 762 apparenti·

453 790 534 863 bus,
556 787 675 870 ignotis
692 785 807 848 causis.

402 959 404 968 ¹
518 891 573 951 111.
597 892 647 952 Es
662 888 830 950 doctrinae
848 901 941 956 meae
951 879 1136 964 praeceptis
1151 897 1198 940 se·

454 991 582 1076 quitur,
605 1004 640 1052 ut
663 991 757 1052 initio
775 987 937 1058 dixeram,
961 981 1034 1042 trib.
1058 993 1198 1060 potesta·

395 1100 403 1116 '
453 1113 519 1157 tem
545 1093 680 1178 primam
712 1090 745 1149 io
774 1088 877 1150 altero
900 1101 1024 1142 canone
1056 1083 1197 1161 semper,

454 1211 509 1261 aut
526 1210 617 1256 certe
633 1192 826 1274 plerumque
838 1187 937 1247 luisse
955 1186 1198 1266 incompletam,

454 1309 656 1360 constantem
675 1311 773 1373 saepe
788 1287 899 1373 paucis
917 1285 1097 1359 mensibus,
1120 1283 1197 1369 quio

456 1415 489 1464 ct
508 1399 633 1460 diebus.
676 1395 756 1456 Nam
779 1391 806 1453 si
828 1411 857 1453 ι.
881 1407 911 1449 οε
932 1386 1043 1449 medio
1059 1387 1199 1448 Decem·

454 1502 507 1564 bri
536 1500 608 1586 quis
639 1516 709 1556 earu
747 1490 892 1574 accepit,
928 1489 1046 1562 secutis
1081 1506 1200 1570 pauco·

455 1627 528 1668 rum
567 1603 695 1663 dierum
725 1590 899 1656 intervallo
941 1587 1099 1652 Kalendis
1135 1591 1200 1652 lan.

457 1703 567 1786 coepit
588 1717 761 1762 numerare
786 1691 971 1758 seeundum.
1016 1688 1111 1781 Quod
1132 1691 1201 1774 qui-

457 1807 532 1868 dem
555 1803 736 1866 institutum
758 1796 880 1860 nemini
913 1793 1013 1857 credo
1035 1791 1202 1868 ‚videbitur

459 1907 654 1977 absurdum,
677 1901 806 1987 quando
828 1895 941 1958 eadem
964 1893 1046 1956 ratio
1064 1895 1095 1954 in
1115 1914 1203 1956 com·

434 2007 608 2094 putandis
639 2005 715 2070 sive
743 2003 994 2084 imperatorum,
1026 1997 1094 2058 sive
1126 2015 1203 2078 epo-

461 2113 542 2173 ebse
573 2106 663 2168 annis
692 2103 775 2188 apud
798 2101 943 2174 Graecos
967 2097 1068 2177 vul-go
1092 2096 1201 2170 valuit,

462 2213 517 2295 qui
539 2224 694 2291 utrosque
725 2206 764 2268 ad
794 2204 869 2266 anui
899 2203 948 2264 sui
972 2199 1076 2262 ciuilis
1098 2200 1204 2260 calcu·

372 2349 377 2352 ·
459 2315 528 2377 lum
549 2305 859 2380 adcommodavere,
890 2302 1091 2383 incompleto
1121 2299 1203 2362 adeo

429 2444 432 2456 ι
463 2432 594 2494 semper
617 2430 700 2472 anno
718 2408 841 2491 primo,
864 2407 926 2466 nisi
947 2425 1020 2480 cum
1041 2401 1127 2464 forte
1145 2402 1204 2463 ini-

462 2517 543 2578 tium
566 2509 695 2592 imperii
727 2509 787 2569 suit
809 2509 897 2567 idem
920 2526 992 2567 cuns
1013 2505 1104 2566 initio
1128 2503 1205 2566 novi

463 2617 537 2680 anni
559 2612 674 2676 civilis.
717 2610 800 2691 Ejus
820 2609 970 2692 exempla
1001 2603 1128 2668 abunde
1150 2625 1204 2666 oo·

464 2715 552 2799 gnita
574 2725 648 2780 flant
671 2730 712 2776 es
734 2711 841 2770 numia
864 2708 1056 2772 Antiochino
1079 2707 1204 2788 Syriae,

463 2820 644 2880 Caesareae
683 2811 923 2896 Cappadociae,
967 2810 1122 2893 aliisque,
1168 2826 1205 2870 so

332 2989 347 3004 ,
462 2917 640 3002 praecipue
658 2913 889 2976 Alexandrinis
908 2911 1066 2994 Aegypti,
1087 2911 1119 2970 io
1136 2909 1206 2994 qui·

463 3019 524 3082 hus
547 3018 589 3081 de
612 3016 676 3078 boc
704 3028 853 3076 veterum
883 3031 976 3075 more
1005 3031 1070 3074 non
1092 3031 1206 3091 pauca,

360 3159 363 3170 ‚
463 3141 545 3204 quae
596 3119 760 3200 praesenti
815 3125 1007 3198 argumento
1051 3109 1206 3195 applicari

463 3235 616 3306 possunt,
640 3208 801 3301 displstavi
817 3218 856 3299 ¹).
880 3215 1006 3305 Quibus
1025 3212 1099 3278 addi
1114 3233 1207 3300 prae·

461 3339 553 3386 terea
568 3333 695 3404 potest,
718 3321 814 3382 etium
837 3319 1053 3401 imperatores
1072 3317 1207 3378 Germa·

427 3500 433 3509 ¹
460 3425 552 3488 nicos
570 3421 679 3486 Caroli
693 3423 739 3484 Μ.
758 3439 965 3510 successores
980 3419 1206 3505 proximossie

463 3546 564 3590 annos
587 3523 718 3606 imperii
739 3521 789 3582 sui
807 3535 1030 3604 computasse,
1052 3533 1105 3595 ut,
1128 3540 1206 3606 quo·

460 3649 588 3712 cunque
606 3645 718 3691 mense
733 3622 816 3686 illud
831 3637 940 3686 esseut
956 3622 1130 3708 auspicati,
1152 3644 1207 3684 an·

335 3791 339 3800 ,
460 3752 538 3794 num
561 3729 739 3796 secondum
764 3747 936 3812 sempera
960 3724 1117 3808 proximis
1140 3727 1206 3786 Ka·

458 3833 566 3896 lendis
577 3831 733 3894 Ianuariis
755 3842 967 3892 numerarent
978 3827 1031 3908 ⁴¹),
1055 3826 1110 3912 qui
1133 3848 1204 3890 moa

462 3935 653 3996 observatus
674 3947 724 3994 est
741 3932 774 3991 in
794 3930 1079 3993 constitutionibus
1096 3929 1205 3992 Ludo·

460 4035 526 4098 sici
541 4033 609 4110 Pii,
631 4033 780 4096 Lotharii
801 4037 846 4109 1.,
874 4031 1013 4094 Homini
1033 4036 1080 4112 1.,
1102 4032 1206 4095 Otho·

460 4137 511 4200 nis
532 4137 597 4210 M.,
620 4133 757 4195 Henrici
780 4136 835 4211 ll.,
866 4133 1089 4212 Conradi11.,
1116 4135 1206 4198 Hen-

461 4239 604 4300 ricorum
628 4237 686 4298 111.
708 4247 741 4295 et
762 4233 839 4311 1V.‚
860 4235 1007 4320 Lotbsrii
1025 4237 1064 4298 11.
1107 4236 1206 4314 Vide,
1227 4263 1241 4284 ⁴

462 4361 543 4427 quae
566 4337 609 4402 de
630 4337 694 4400 boc
723 4347 915 4419 argumento
946 4359 987 4401 ex
1010 4337 1206 4402 dissertatio·

1038 465 1044 476 .
1091 388 1372 496 cnrrrx.
1434 478 1436 484 7

1254 591 1297 633 nc
1316 571 1446 640 comitis
1459 569 1611 662 Garampi
1633 557 1764 636 tradidit
1779 569 1937 654 Belloyus
1952 571 1999 657 b).

1257 672 1421 765 Quocirca
1449 676 1476 737 si
1506 677 1612 764 uariae
1644 676 1812 750 nationes,
1844 688 1879 738 ct
1911 675 2000 738 saria

1256 777 1388 858 quidem
1417 789 1521 840 aetate
1549 771 1668 839 annuln
1697 775 1837 858 primum
1867 776 2011 860 imperii,

1255 878 1490 964 incompletum
1514 898 1574 962 pro
1593 878 1758 959 completo
1774 877 1926 962 accipere
1942 899 2001 966 po·

1255 995 1384 1056 terant,
1406 981 1453 1044 sic
1468 991 1504 1042 ut
1520 979 1670 1060 proximo
1690 981 1764 1040 anni
1784 979 1999 1070 cisilisioitio

1256 1083 1416 1166 inciperet
1437 1065 1539 1144 onnus
1565 1081 1742 1158 secundus,
1778 1082 1907 1158 nescio,
1940 1103 2000 1146 cur

1255 1207 1321 1245 non
1332 1201 1364 1246 et
1380 1182 1517 1271 Romani
1532 1183 1650 1244 eodem
1666 1183 1817 1266 exemplo
1835 1186 2002 1267 potuerint

1255 1286 1330 1349 trib.
1353 1299 1546 1369 potestatem
1573 1286 1613 1348 ad
1639 1286 1713 1346 anni
1738 1287 1786 1346 sui
1818 1287 1944 1361 civilis,
1967 1285 2002 1348 id

1256 1404 1323 1451 ests
1348 1389 1461 1451 loliani
1476 1373 1879 1462 modumadcommoduro,
1903 1391 2003 1450 attri-

1255 1489 1377 1552 bunatu
1400 1489 1503 1572 primo
1527 1491 1727 1572 incompleto
1743 1488 1847 1555 ordiri
1862 1490 2002 1554 alterum

1256 1590 1415 1656 Kalendis
1426 1583 1648 1675 'aequantibus
1662 1594 1834 1670 Ianuariis,
1848 1585 1925 1660 'sire
1944 1593 2005 1654 ini·

1259 1696 1304 1756 tio
1326 1693 1400 1756 anni
1422 1695 1471 1755 sui
1491 1693 1611 1768 civilis,
1634 1695 1811 1778 praecipue
1830 1715 1903 1759 cum
1916 1708 2003 1758 teste

1258 1796 1366 1858 Dione
1385 1798 1599 1876 imperatores
1616 1797 1798 1862 seeundum
1816 1797 1889 1861 trib.
1910 1810 2004 1882 pote·

1260 1911 1374 1960 statem
1397 1875 1525 1978 imperii
1554 1919 1684 1982 qnoque
1706 1901 1755 1964 aui
1786 1899 2004 1964 succedentes

1260 2019 1361 2060 annos
1370 2019 1542 2060 numerare
1558 1993 1718 2064 siotsdliti
1734 2003 1893 2085 e),·sive,
1916 2003 2005 2086 qnod

1260 2100 1378 2184 eodem
1408 2100 1542 2176 recidi-t,
1580 2123 1678 2162 unum
1708 2089 1862 2188 idemque
1893 2106 2005 2178 suerit,

1260 2223 1433 2266 numerare
1456 2202 1531 2287 trib.
1556 2220 1754 2286 potestates,
1784 2221 1881 2290 atque
1904 2226 2004 2270 annos

1260 2305 1401 2390 imperii.

1325 2411 1380 2475 lV.
1402 2407 1496 2481 Dixi,
1524 2420 1672 2470 veterem
1695 2428 1872 2484 canonem,
1905 2403 2005 2472 tribu·

1261 2523 1371 2570 natum
1393 2507 1446 2568 die
1478 2509 1575 2570 natali
1598 2509 1668 2590 ejus
1692 2513 1822 2597 accepti·
1848 2531 2007 2576 renovan-

1263 2609 1312 2684 di,
1335 2609 1516 2691 imperante
1537 2613 1702 2674 Antonino
1725 2627 1892 2676 extrusum
1916 2635 1934 2677 a
1955 2633 2007 2676 rc·

1263 2712 1427 2788 contiore,
1459 2710 1514 2792 qui
1545 2731 1619 2774 enm
1642 2713 1801 2776 Kalendis
1824 2719 1889 2794 lau.
1911 2727 2007 2778 reno·

1262 2827 1329 2877 vat.
1369 2813 1412 2876 At
1450 2813 1722 2894 quemadmodum
1766 2817 1837 2880 aliis
1876 2837 2006 2904 quoque

1262 2913 1294 2974 in
1317 2912 1418 2984 robus
1446 2916 1580 2977 evenire
1613 2918 1716 2991 solet,
1750 2933 1785 2979 ut
1815 2939 1879 2980 non
1907 2919 2005 2984 facile

1261 3028 1356 3080 vetus
1387 3016 1731 3098 aliquodinstitutum
1758 3019 1805 3082 sic
1827 3020 2007 3098 aboleatur,

1262 3130 1385 3178 utnon
1416 3117 1514 3179 stiam
1546 3120 1652 3205 aliqua
1679 3121 1750 3203 ejus
1777 3142 2005 3210 nonnunquam

1264 3231 1439 3302 appareant
1462 3221 1616 3305 vestigia,
1649 3221 1695 3284 sio
1718 3224 1835 3287 mirum
1859 3247 1924 3288 non
1947 3244 2008 3303 est,

1263 3320 1291 3380 si
1306 3334 1435 3383 exstent
1458 3342 1559 3404 pauca
1577 3323 1733 3408 quaedam
1759 3327 1929 3412 exempla,
1951 3328 2010 3393 eti·

1263 3443 1314 3486 am
1335 3423 1508 3486 constituta
1532 3427 1759 3488 ueneratione
1778 3448 2009 3518 nonnunquam

1262 3525 1304 3588 ad
1333 3531 1481 3588 veterem
1510 3525 1610 3598 luisse
1639 3527 1793 3593 reditum.
1856 3533 2010 3600 Diximus
2118 3611 2121 3618 Ι

1264 3648 1361 3711 supra
1401 3629 1538 3692 articulo
1570 3631 1629 3706 ln,
1662 3632 1695 3692 in
1725 3653 1791 3696 uuo
1823 3633 2007 3722 eodemque

1264 3750 1362 3799 numo
1383 3733 1427 3794 M.
1448 3729 1573 3793 Aurelii
1597 3733 1745 3798 Caesams
1768 3737 1937 3822 utriusque
1959 3759 2010 3802 rs·

1265 3830 1362 3894 tionis
1393 3830 1469 3894 trib.
1495 3845 1706 3914 potestatem,
1755 3853 1790 3903 et
1817 3841 1940 3905 veteris
1975 3853 2010 3904 et

1263 3953 1386 4008 nosse,
1415 3933 1631 3997 consociatam
1659 3939 1781 4018 videri,
1812 3942 1899 4027 quod
1926 3941 2009 4026 judi-

1262 4033 1347 4097 cium
1371 4034 1398 4095 si
1420 4054 1485 4096 non
1509 4035 1609 4110 lallit,
1638 4043 1815 4127 perspicue
1839 4045 2012 4120 docemur,

1263 4136 1394 4200 canonis
1416 4141 1538 4201 reseris
1569 4141 1701 4206 modum
1732 4147 1874 4212 stabilito
1903 4150 2009 4214 altero

1261 4261 1328 4303 nou
1357 4239 1513 4306 contiuuo
1545 4263 1616 4306 esse
1645 4245 1813 4314 abolitum.
1878 4250 1946 4315 Sed
1976 4263 2010 4316 et

1262 4339 1411 4406 nonnulli
1441 4343 1532 4410 ssunsi
1561 4347 1672 4412 serius·
1690 4354 1837 4434 persuasi
1859 4367 2009 4419 resersus

458 4467 1998 4501 *Q

500 4537 531 4607 ι’)
547 4529 663 4612 Proleg.
680 4529 719 4589 ad
733 4527 905 4589 num.Alex.
923 4527 1218 4609 c.u.vol.1v.‘p.oa.
1256 4533 1290 4606 b)
1302 4537 1376 4594 B.L.
1387 4539 1470 4594 Tota.
1480 4538 1603 4600 XXXV.
1614 4561 1645 4619 p.
1654 4545 1717 4620 639.
1756 4549 1785 4620 a)
1801 4511 2009 4623 I..L111.§.1⁸7.

501 4625 529 4690 a)
549 4617 657 4675 Mirum
667 4635 737 4694 saue
752 4611 977 4698 secuudum-cel.
985 4625 1069 4682 assessu
1098 4688 1104 4700 Ι
1116 4627 1169 4676 την
1181 4617 1339 4706 Thunbfrg
1351 4622 1488 4684 ininsula
1502 4629 1604 4714 'lapan
1616 4633 1719 4690 aetatis
1733 4654 1827 4693 annos
1838 4635 1941 4696 rodens
1951 4657 2011 4698 mo·

555 4691 595 4742 do
614 4697 797 4759 computas-s,
813 4704 856 4740 stc
870 4696 901 4738 ut
915 4685 1010 4744 infans
1027 4706 1072 4744 me
1097 4705 1125 4744 so
1138 4689 1309 4750 Decembris
1327 4707 1411 4753 unlus
1423 4703 1642 4774 proxsmrsllal.
1660 4707 1721 4766 lan.
1736 4705 1883 4785 inciperet
1901 4729 2009 4769 annum

499 4835 502 4842 Ι
556 4758 728 4846 stapedum.
765 4757 832 4816 Not.
848 4753 919 4814 edit.
