4404 5564
573 577 650 652 AD
685 577 972 658 VOLVMEN
1006 580 1284 658 toerlvu.
1667 601 1715 673 225

169 745 256 810 nella
277 747 448 812 additions·
468 749 505 813 oi
528 749 837 832 commentariolis
860 721 911 816 Si·
967 753 1212 815 stanttsstmum
1249 751 1405 818 adserere
1441 771 1508 818 non
1539 753 1712 838 dubitarit,

168 848 292 914 ciliane
311 851 486 934 Medagtte
506 865 669 935 stampato
691 854 729 917 io
738 851 815 942 fine
833 851 911 919 dett

168 967 265 1030 opera
284 951 443 1015 »Siculos
462 953 500 1016 di
515 953 677 1017 Dorvill.

234 1053 387 1119 Polormo
409 1052 446 1118 ae
461 1055 596 1137 Agosto
616 1053 708 1138 17bd.

348 1171 448 1230 Dirot.
466 1171 505 1228 ed
522 1169 605 1230 Obb.
621 1171 786 1248 Servitute,

221 1259 416 1326 Gabriele
436 1263 683 1326 Loncr'lotto
711 1265 912 1346 Castalio,

333 1363 486 1448 Principe
505 1362 538 1427 di
557 1365 792 1430 Torremuoza.

395 1575 433 1640 P.
448 1575 521 1652 452.
541 1573 605 1640 col.
623 1593 650 1636 ι.

226 1709 304 1778 Vidi
331 1710 453 1790 serius,
484 1710 519 1773 in
547 1709 662 1776 cadom
684 1731 812 1790 mecum
834 1713 907 1776 sen·

161 1813 262 1876 tentia
282 1811 382 1877 fuisse
399 1815 676 1898 Wesselingium‚
706 1813 766 1876 sed
786 1815 843 1898 qui
860 1814 906 1880 ri·

160 1917 241 1976 tium
263 1935 329 1978 non
343 1915 500 1980 barbarae
514 1914 702 1992 Graecitati,
718 1913 779 1978 sed
794 1913 906 1978 incon·

160 2017 247 2081 auito
261 2015 458 2101 descriptori
471 2017 594 2094 tribuit,
615 2036 687 2080 cum
704 2015 791 2078 haud
806 2015 904 2082 dubie

163 2119 197 2179 iu
221 2139 385 2182 marmore
410 2117 567 2202 scriptum
594 2117 650 2180 sit:
675 2113 742 2182 ΕΞ.
764 2114 906 2180 ENKE·

159 2213 412 2286 ΛΕΤΣΕΩΣ.
441 2218 499 2302 (ad
520 2217 690 2285 Hieroclis
708 2217 903 2302 Synecdem.

158 2322 291 2406 eruo

294 2527 300 2538 ·
402 2507 439 2572 P.
452 2505 525 2588 498.
549 2507 612 2574 col.
630 2523 661 2574 s.

221 2640 335 2708 Numis
360 2643 504 2722 Tiberii,
531 2656 565 2708 et
585 2643 686 2708 Iuliae
709 2639 903 2708 inserendus

157 2763 317 2828 sequanas

218 2844 306 2912 TlB.
327 2845 420 2910 Kar.
437 2846 479 2914 A.
501 2849 594 2911 intro
608 2867 778 2914 coronam.
805 2842 902 2910 lot-

152 2941 252 3014 AIA.
269 2949 309 3016 L.
332 2943 371 3010 Δ.
392 2951 519 3014 Romus
529 2951 673 3030 palmae.
690 2950 762 3014 ΔΕ.
778 2950 835 3016 ΙΙΙ.

216 3051 357 3113 Numum
369 3049 456 3114 bunc
470 3051 615 3134 vulgavit
634 3050 676 3116 cl.
690 3049 901 3115 Sanclemen·

146 3152 228 3216 tius.
253 3151 312 3232 (ds
337 3172 414 3215 aera
436 3153 525 3236 vulg.
543 3173 575 3236 p.
592 3151 681 3229 330.)
704 3155 740 3214 ln
757 3154 899 3218 literaA

152 3253 256 3336 partis
273 3252 397 3316 anticas
416 3273 535 3316 annum
551 3253 696 3336 epochae
714 3257 813 3322 videt.
831 3259 900 3320 Ma·

152 3353 210 3420 lim
227 3375 266 3420 ea
278 3353 414 3419 indicari
432 3343 645 3422 vocabulum:
665 3352 876 3438 Αυτοκρατωρ.

145 3605 149 3612 -
279 3563 319 3628 P.
331 3563 352 3626 6
358 3582 405 3629 ιο.
435 3563 498 3628 col.
508 3579 539 3628 s.
551 3573 629 3645 port
644 3563 705 3626 lio.
715 3561 766 3626 35.

968 849 1110 936 denique
1123 851 1259 922 desinat.

1147 1059 1270 1136 Post.
1286 1059 1350 1122 coi.
1363 1075 1395 1123 a.
1409 1059 1468 1123 lin.
1484 1058 1536 1122 3ο.

1032 1190 1129 1258 asso
1151 1215 1294 1258 marmor
1317 1195 1381 1260 buc
1404 1195 1589 1280 pertinens,
1624 1199 1713 1286 quod

968 1294 1082 1378 reperi
1100 1295 1143 1382 jn
1172 1295 1346 1380 Opusoulis
1376 1297 1584 1382 Csiogsranis
1615 1303 1711 1366 Tom.

967 1394 1055 1462 XIX.
1075 1417 1106 1480 p.
1119 1399 1165 1474 15,
1183 1417 1213 1478 q,
1231 1397 1419 1460 uanslatum
1438 1398 1472 1460 in
1485 1419 1636 1464 museum
1654 1403 1712 1466 Ca·

967 1495 1160 1578 pitolinum:
1505 1485 1512 1496 ⁸

1108 1620 1220 1686 n.u.

1081 1721 1233 1784 accan

1039 1822 1277 1886 susurrus

1026 1923 1292 1991 survs.oax

1057 2025 1281 2111 teutonus

1399 1619 1682 1694 ORRHENORV

1461 1723 1621 1786 RODDA

1379 1825 1571 1892 CONtVGI.
1589 1827 1708 1888 BENE

1376 1927 1587 1993 MERENTI.
1610 1929 1706 1994 FEC.

1133 2235 1172 2300 P.
1182 2231 1257 2300 556.
1280 2235 1342 2298 col.
1362 2252 1389 2300 t.
1412 2235 1473 2299 liu.
1490 2255 1544 2318 to.

1023 2375 1104 2437 Post
1119 2371 1289 2434 molestam
1305 2371 1396 2456 longi
1410 2373 1567 2458 temporis
1581 2393 1707 2438 moram
1770 2391 1776 2396 '

961 2473 1074 2558 accepi
1101 2473 1243 2557 denique
1270 2473 1434 2536 laudatum
1460 2477 1614 2540 continuo
1642 2477 1707 2539 Sil-

961 2579 1065 2638 vertrr'
1086 2577 1126 2637 dr
1142 2576 1231 2659 Saty
1255 2595 1348 2658 opus.
1379 2575 1489 2639 Offert
1517 2576 1601 2636 illud
1628 2574 1705 2639 inde

961 2697 979 2738 a
1011 2675 1127 2761 pagina
1153 2677 1212 2739 rob
1243 2675 1505 2742 dissertationem
1531 2677 1573 2742 de
1597 2680 1704 2740 numia

958 2797 1075 2862 regum
1097 2779 1232 2842 Persise
1265 2799 1307 2842 cx
1337 2795 1435 2863 gente
1462 2779 1704 2857 Sasanidarum‚

958 2899 1096 2966 quorum
1113 2881 1376 2966 primus‚.dietus
1395 2905 1412 2946 a
1428 2881 1495 2945 suis
1509 2885 1703 2960 Ardesclu'r,

957 3004 975 3046 s
1004 2983 1218 3068 scriptoribus
1240 2983 1374 3048 Graccis
1398 2985 1619 3062 Anacutas,
1647 2986 1703 3049 rel

956 3087 1190 3165 Artaxerxes,
1223 3087 1404 3170 imperante
1435 3084 1623 3148 Alexandro
1646 3087 1705 3150 Sc·

955 3207 1048 3264 tero,
1073 3189 1187 3265 armis,
1211 3203 1244 3250 et
1262 3187 1363 3251 caede
1378 3185 1533 3250 Artabani
1548 3187 1701 3252 Parthiae

954 3289 1056 3372 regis,
1073 3303 1106 3352 et
1120 3289 1276 3372 postremi
1293 3310 1335 3350 ex
1351 3301 1448 3371 gente
1458 3289 1699 3367 Arsacidarum,

954 3390 1083 3454 illustre
1093 3391 1175 3452 illud
1184 3390 1381 3460 Parthorum
1397 3408 1536 3474 regnum
1550 3389 1613 3451 sibi
1620 3391 1701 3454 Per·

952 3493 1062 3575 sisque
1085 3491 1152 3584 suis
1173 3491 1323 3554 restituit.
1356 3490 1447 3583 Quae
1468 3492 1600 3576 quidem
1616 3511 1699 3556 nora

954 3593 1051 3677 stirps
1080 3613 1147 3655 uon
1171 3593 1290 3670 minus,
1318 3613 1414 3678 quam
1436 3592 1606 3656 deturbata
1623 3615 1700 3678 pro·

216 3699 309 3794 Quae
333 3700 495 3764 hocloco
517 3697 791 3785 praecipientibus
817 3695 895 3762 artis
953 3695 1041 3759 xime
1052 3694 1303 3772 Arsacidarum,
1324 3699 1471 3759 Romano
1488 3695 1611 3758 nomini
1626 3716 1699 3780 gra·

151 3818 284 3867 nostrae
302 3802 405 3866 causis
424 3815 546 3865 tantum
570 3799 806 3878 dirimerem,
840 3820 896 3864 ve·
952 3799 1002 3863 vis
1020 3797 1203 3883 infestaque
1228 3797 1369 3874 exstitit,
1394 3797 1561 3882 perpetuis
1578 3799 1698 3860 Roma·

150 3907 279 3971 rissima
306 3903 437 3969 tandem
461 3917 538 3966 sunt
561 3915 739 3987 comperta.
770 3897 894 3966 Numn's
951 3921 1013 3964 nos
1036 3900 1124 3964 iuter
1145 3903 1327 3988 Persasque
1356 3899 1521 3965 bellorum
1543 3898 1695 3964 feralium

149 4011 203 4074 bio
221 4030 284 4073 una
303 4029 377 4074 cum
391 4006 464 4070 aliis
484 4007 589 4069 musei
605 4006 727 4069 Osman
741 4005 813 4087 Bey
827 4024 896 4067 ser·
913 4027 924 4036 ·
950 4001 1065 4066 causis.

148 4127 243 4177 vatur
262 4129 349 4174 nunc
365 4109 522 4194 Smyrnae
539 4108 572 4170 in
587 4126 701 4172 museo
719 4107 762 4172 cl.
782 4107 894 4170 Consi·
1013 4105 1150 4168 Duravit
1179 4104 1262 4168 baec
1291 4104 1517 4169 Sasanidarum
1548 4105 1692 4190 dynastia

147 4215 244 4292 iterii,
262 4234 327 4296 quo
343 4225 476 4275 auctore
491 4212 651 4294 comperi,
669 4231 742 4274 esse
756 4231 829 4273 eum
850 4231 893 4274 ex
949 4221 1052 4291 osque
1078 4206 1119 4270 sd
1141 4229 1257 4270 annum
1272 4207 1310 4272 P.
1326 4207 1368 4272 X.
1383 4207 1459 4286 651,
1485 4229 1548 4293 qnp
1565 4207 1694 4272 irruen-

149 4337 265 4380 eorum
284 4333 440 4390 numero,
455 4315 524 4398 'qui
544 4313 734 4399 frequentes
753 4333 795 4376 ex
813 4333 891 4378 aere
949 4323 999 4372 tes
1016 4309 1141 4373 Arabes
1162 4325 1290 4394 captum
1304 4312 1488 4374 'Puroorum
1504 4309 1691 4395 proditione

149 4422 190 4480 11.
208 4415 334 4480 fortnas
351 4415 544 4499 cumcapite
562 4415 692 4500 Traiani
709 4413 891 4478 etHadria·
948 4411 1186 4496 lezdegerdem
1211 4427 1318 4476 morte
1343 4414 1552 4488 adiecerunt,
1588 4413 1693 4475 omni·

148 4523 182 4584 ni
206 4499 389 4583 Laodiceae
413 4517 525 4598 Syriae
541 4503 758 4600 signatisunt,
782 4537 820 4580 sc
834 4515 890 4580 de
947 4535 1011 4600 que
1035 4515 1148 4580 Persia
1168 4515 1261 4600 potiti
1277 4531 1360 4583 sunt.
1385 4515 1528 4598 (Gibbon
1550 4515 1635 4579 Hist.
1655 4513 1693 4578 oi

145 4625 245 4709 nique
261 4618 401 4704 maligna
417 4616 537 4702 scalpri
555 4629 623 4680 arte
639 4616 838 4681 Gordianum
854 4633 889 4684 et
945 4615 1003 4681 the
1018 4615 1148 4682 decline
1165 4631 1228 4684 etc.
1243 4618 1335 4702 chap.
1350 4621 1371 4683 5
1377 4621 1419 4698 ι.)

145 4727 304 4788 Edessam
331 4720 511 4804 recepisse.
553 4721 604 4782 En
633 4721 666 4782 in
688 4719 776 4804 quod
796 4742 887 4785 mon·
1007 4721 1081 4784 Hoc
1108 4721 1140 4784 in
1169 4741 1228 4785 suo
1256 4741 1358 4806 opere
1387 4720 1428 4783 ol.
1458 4720 1578 4802 Sacyus
1605 4718 1686 4782 nihil

81 4831 85 4840 ’
145 4843 247 4892 strom
271 4823 476 4898 numanis,
500 4843 597 4907 quem
620 4823 888 4908 Sestiniosproe·
944 4821 1030 4887 aliud
1046 4823 1107 4886 sibi
1125 4825 1315 4908 proposuit,
1335 4845 1428 4908 quam
1448 4837 1482 4884 ut
1502 4821 1687 4905 inscriptio·
