<?xml version="1.0" encoding="UTF-8"?>
<!DOCTYPE html PUBLIC "-//W3C//DTD XHTML 1.0 Transitional//EN"
    "http://www.w3.org/TR/xhtml1/DTD/xhtml1-transitional.dtd">
<html xmlns="http://www.w3.org/1999/xhtml" xml:lang="en" lang="en">
 <head>
  <title>
</title>
<meta http-equiv="Content-Type" content="text/html;charset=utf-8" />
  <meta name='ocr-system' content='tesseract 3.04.00' />
  <meta name='ocr-capabilities' content='ocr_page ocr_carea ocr_par ocr_line ocrx_word'/>
</head>
<body>
  <div class='ocr_page' id='page_1' title='image "./doctrinanvmorvm06grangoog/doctrinanvmorvm06grangoog_0412.png"; bbox 0 0 4476 5564; ppageno 0'>
   <div class='ocr_carea' id='block_1_1' title="bbox 577 397 1908 522">
    <p class='ocr_par' dir='ltr' id='par_1_1' title="bbox 577 397 1908 522">
     <span class='ocr_line' id='line_1_1' title="bbox 577 397 1908 522; baseline 0.005 -44"><span class='ocrx_word' id='word_1_1' title='bbox 577 399 653 478; x_wconf 82' lang='lat' dir='ltr'>DE</span> <span class='ocrx_word' id='word_1_2' title='bbox 692 399 1038 476; x_wconf 75' lang='lat' dir='ltr'>TRIBVNITIA</span> <span class='ocrx_word' id='word_1_3' title='bbox 1078 397 1448 476; x_wconf 80' lang='lat' dir='ltr'><strong>POTESTATE.</strong></span> <span class='ocrx_word' id='word_1_4' title='bbox 1709 426 1782 496; x_wconf 75' lang='lat' dir='ltr'>tce</span> <span class='ocrx_word' id='word_1_5' title='bbox 1902 515 1908 522; x_wconf 24' lang='grc' dir='ltr'>ι</span> 
     </span>
    </p>
   </div>
   <div class='ocr_carea' id='block_1_2' title="bbox 244 583 1869 673">
    <p class='ocr_par' dir='ltr' id='par_1_2' title="bbox 244 583 1869 673">
     <span class='ocr_line' id='line_1_2' title="bbox 244 583 1869 673; baseline -0.006 -14"><span class='ocrx_word' id='word_1_6' title='bbox 244 609 316 658; x_wconf 80' lang='lat' dir='ltr'>eost</span> <span class='ocrx_word' id='word_1_7' title='bbox 338 602 446 654; x_wconf 78' lang='lat' dir='ltr'>temen</span> <span class='ocrx_word' id='word_1_8' title='bbox 464 585 498 650; x_wconf 87' lang='lat' dir='ltr'>in</span> <span class='ocrx_word' id='word_1_9' title='bbox 520 586 609 650; x_wconf 84' lang='lat' dir='ltr'>omni</span> <span class='ocrx_word' id='word_1_10' title='bbox 639 585 799 648; x_wconf 82' lang='lat' dir='ltr'>sententie</span> <span class='ocrx_word' id='word_1_11' title='bbox 819 597 986 672; x_wconf 72' lang='lat' dir='ltr'>repugnet</span> <span class='ocrx_word' id='word_1_12' title='bbox 1039 583 1231 668; x_wconf 76' lang='lat' dir='ltr'>praeierunt</span> <span class='ocrx_word' id='word_1_13' title='bbox 1267 586 1358 650; x_wconf 85' lang='lat' dir='ltr'>numi</span> <span class='ocrx_word' id='word_1_14' title='bbox 1390 583 1608 663; x_wconf 76' lang='lat' dir='ltr'>Antiocheni,</span> <span class='ocrx_word' id='word_1_15' title='bbox 1652 591 1784 673; x_wconf 70' lang='lat' dir='ltr'>Trejsni</span> <span class='ocrx_word' id='word_1_16' title='bbox 1865 659 1869 666; x_wconf 31' lang='lat'><strong>¹</strong></span> 
     </span>
    </p>
   </div>
   <div class='ocr_carea' id='block_1_3' title="bbox 133 687 1784 774">
    <p class='ocr_par' dir='ltr' id='par_1_3' title="bbox 133 687 1784 774">
     <span class='ocr_line' id='line_1_3' title="bbox 133 687 1784 774; baseline -0.005 -15"><span class='ocrx_word' id='word_1_17' title='bbox 133 695 137 702; x_wconf 81' lang='grc'><em>’</em></span> <span class='ocrx_word' id='word_1_18' title='bbox 244 691 430 758; x_wconf 82' lang='lat' dir='ltr'>consuistnc</span> <span class='ocrx_word' id='word_1_19' title='bbox 451 691 591 774; x_wconf 82' lang='lat' dir='ltr'>simplex</span> <span class='ocrx_word' id='word_1_20' title='bbox 614 689 808 768; x_wconf 82' lang='lat' dir='ltr'>conjunctus</span> <span class='ocrx_word' id='word_1_21' title='bbox 831 705 904 750; x_wconf 86' lang='lat' dir='ltr'>corn</span> <span class='ocrx_word' id='word_1_22' title='bbox 928 687 983 749; x_wconf 84' lang='lat' dir='ltr'>tri·</span> <span class='ocrx_word' id='word_1_23' title='bbox 1039 689 1146 762; x_wconf 57' lang='lat' dir='ltr'>XXI„</span> <span class='ocrx_word' id='word_1_24' title='bbox 1170 707 1252 770; x_wconf 81' lang='lat' dir='ltr'>quoe</span> <span class='ocrx_word' id='word_1_25' title='bbox 1272 687 1421 752; x_wconf 85' lang='lat' dir='ltr'>omnibus</span> <span class='ocrx_word' id='word_1_26' title='bbox 1436 687 1669 770; x_wconf 79' lang='lat' dir='ltr'>chronologiae</span> <span class='ocrx_word' id='word_1_27' title='bbox 1692 713 1784 773; x_wconf 69' lang='lat' dir='ltr'>prae·</span> 
     </span>
    </p>
   </div>
   <div class='ocr_carea' id='block_1_4' title="bbox 196 788 1791 2800">
    <p class='ocr_par' dir='ltr' id='par_1_4' title="bbox 196 788 1790 2497">
     <span class='ocr_line' id='line_1_4' title="bbox 242 788 1787 881; baseline 0.001 -23"><span class='ocrx_word' id='word_1_28' title='bbox 242 794 362 858; x_wconf 81' lang='lat' dir='ltr'>lronntu</span> <span class='ocrx_word' id='word_1_29' title='bbox 385 796 425 856; x_wconf 90' lang='lat' dir='ltr'>ll.</span> <span class='ocrx_word' id='word_1_30' title='bbox 467 795 504 854; x_wconf 87' lang='lat' dir='ltr'>ln</span> <span class='ocrx_word' id='word_1_31' title='bbox 535 791 641 854; x_wconf 86' lang='lat' dir='ltr'>onmis</span> <span class='ocrx_word' id='word_1_32' title='bbox 667 791 746 853; x_wconf 82' lang='lat' dir='ltr'>item</span> <span class='ocrx_word' id='word_1_33' title='bbox 775 789 878 852; x_wconf 75' lang='lat' dir='ltr'>obviis</span> <span class='ocrx_word' id='word_1_34' title='bbox 908 789 984 850; x_wconf 69' lang='lat' dir='ltr'>ste</span> <span class='ocrx_word' id='word_1_35' title='bbox 1041 789 1145 869; x_wconf 78' lang='lat' dir='ltr'>ceptis</span> <span class='ocrx_word' id='word_1_36' title='bbox 1162 799 1276 870; x_wconf 77' lang='lat' dir='ltr'>sperte</span> <span class='ocrx_word' id='word_1_37' title='bbox 1293 803 1486 873; x_wconf 78' lang='lat' dir='ltr'>repugnent.</span> <span class='ocrx_word' id='word_1_38' title='bbox 1530 788 1640 881; x_wconf 78' lang='lat' dir='ltr'>Quare</span> <span class='ocrx_word' id='word_1_39' title='bbox 1660 795 1787 877; x_wconf 80' lang='lat' dir='ltr'>quoles·</span> 
     </span>
     <span class='ocr_line' id='line_1_5' title="bbox 241 889 1785 976; baseline 0.001 -18"><span class='ocrx_word' id='word_1_40' title='bbox 241 895 355 958; x_wconf 75' lang='lat' dir='ltr'>rendri</span> <span class='ocrx_word' id='word_1_41' title='bbox 378 895 455 958; x_wconf 82' lang='lat' dir='ltr'>Ser.</span> <span class='ocrx_word' id='word_1_42' title='bbox 478 893 600 976; x_wconf 78' lang='lat' dir='ltr'>legitor</span> <span class='ocrx_word' id='word_1_43' title='bbox 621 891 690 956; x_wconf 71' lang='lat' dir='ltr'>&#39;1&#39;st</span> <span class='ocrx_word' id='word_1_44' title='bbox 703 893 740 954; x_wconf 83' lang='grc' dir='ltr'>Ρ.</span> <span class='ocrx_word' id='word_1_45' title='bbox 758 893 797 953; x_wconf 87' lang='lat' dir='ltr'>u.</span> <span class='ocrx_word' id='word_1_46' title='bbox 819 890 914 956; x_wconf 74' lang='lat'><strong>(308.</strong></span> <span class='ocrx_word' id='word_1_47' title='bbox 932 893 983 967; x_wconf 73' lang='lat'>11,</span> <span class='ocrx_word' id='word_1_48' title='bbox 1041 907 1168 974; x_wconf 86' lang='lat' dir='ltr'>conque</span> <span class='ocrx_word' id='word_1_49' title='bbox 1184 889 1218 950; x_wconf 86' lang='lat' dir='ltr'>lsi</span> <span class='ocrx_word' id='word_1_50' title='bbox 1232 890 1343 953; x_wconf 83' lang='lat' dir='ltr'>obices</span> <span class='ocrx_word' id='word_1_51' title='bbox 1359 911 1424 952; x_wconf 90' lang='lat' dir='ltr'>non</span> <span class='ocrx_word' id='word_1_52' title='bbox 1440 890 1562 954; x_wconf 84' lang='lat' dir='ltr'>debent</span> <span class='ocrx_word' id='word_1_53' title='bbox 1585 891 1785 973; x_wconf 70' lang='lat' dir='ltr'>absterrere,</span> 
     </span>
     <span class='ocr_line' id='line_1_6' title="bbox 241 991 1786 1078; baseline -0.002 -16"><span class='ocrx_word' id='word_1_54' title='bbox 241 1018 314 1062; x_wconf 80' lang='lat' dir='ltr'>cum</span> <span class='ocrx_word' id='word_1_55' title='bbox 329 1012 454 1070; x_wconf 82' lang='lat' dir='ltr'>temen,</span> <span class='ocrx_word' id='word_1_56' title='bbox 477 995 659 1077; x_wconf 76' lang='lat' dir='ltr'>ceicnnque</span> <span class='ocrx_word' id='word_1_57' title='bbox 683 1007 717 1056; x_wconf 90' lang='lat' dir='ltr'>te</span> <span class='ocrx_word' id='word_1_58' title='bbox 742 991 889 1078; x_wconf 83' lang='lat' dir='ltr'>opinioni</span> <span class='ocrx_word' id='word_1_59' title='bbox 910 1009 984 1074; x_wconf 82' lang='lat' dir='ltr'>per·</span> <span class='ocrx_word' id='word_1_60' title='bbox 1042 1009 1107 1076; x_wconf 81' lang='lat' dir='ltr'>quo</span> <span class='ocrx_word' id='word_1_61' title='bbox 1125 992 1230 1054; x_wconf 84' lang='lat' dir='ltr'>mines</span> <span class='ocrx_word' id='word_1_62' title='bbox 1246 991 1561 1056; x_wconf 84' lang='lat' dir='ltr'>institutumonrsum</span> <span class='ocrx_word' id='word_1_63' title='bbox 1573 1014 1786 1078; x_wconf 69' lang='lat' dir='ltr'>peregemost</span> 
     </span>
     <span class='ocr_line' id='line_1_7' title="bbox 241 1091 1787 1180; baseline 0.002 -20"><span class='ocrx_word' id='word_1_64' title='bbox 241 1101 368 1174; x_wconf 82' lang='lat' dir='ltr'>mittes,</span> <span class='ocrx_word' id='word_1_65' title='bbox 402 1097 584 1160; x_wconf 76' lang='lat' dir='ltr'>tribunatus</span> <span class='ocrx_word' id='word_1_66' title='bbox 623 1098 662 1158; x_wconf 79' lang='lat' dir='ltr'>lt</span> <span class='ocrx_word' id='word_1_67' title='bbox 699 1112 774 1156; x_wconf 78' lang='lat' dir='ltr'>curn</span> <span class='ocrx_word' id='word_1_68' title='bbox 814 1093 985 1157; x_wconf 78' lang='lat' dir='ltr'>constricto</span> <span class='ocrx_word' id='word_1_69' title='bbox 1040 1114 1149 1179; x_wconf 86' lang='lat' dir='ltr'>neque</span> <span class='ocrx_word' id='word_1_70' title='bbox 1168 1095 1254 1156; x_wconf 87' lang='lat' dir='ltr'>enim</span> <span class='ocrx_word' id='word_1_71' title='bbox 1275 1113 1347 1156; x_wconf 86' lang='lat' dir='ltr'>cum</span> <span class='ocrx_word' id='word_1_72' title='bbox 1359 1091 1527 1158; x_wconf 77' lang='lat' dir='ltr'>doctrinae</span> <span class='ocrx_word' id='word_1_73' title='bbox 1543 1096 1723 1180; x_wconf 76' lang='lat' dir='ltr'>cujuspiam</span> <span class='ocrx_word' id='word_1_74' title='bbox 1739 1099 1787 1164; x_wconf 86' lang='lat' dir='ltr'>le·</span> 
     </span>
     <span class='ocr_line' id='line_1_8' title="bbox 241 1191 1787 1284; baseline 0.001 -20"><span class='ocrx_word' id='word_1_75' title='bbox 241 1201 280 1264; x_wconf 82' lang='grc' dir='ltr'>ΙΙ.</span> <span class='ocrx_word' id='word_1_76' title='bbox 296 1197 450 1282; x_wconf 82' lang='lat' dir='ltr'>componi</span> <span class='ocrx_word' id='word_1_77' title='bbox 464 1218 529 1260; x_wconf 90' lang='lat' dir='ltr'>non</span> <span class='ocrx_word' id='word_1_78' title='bbox 546 1195 657 1284; x_wconf 83' lang='lat' dir='ltr'>possit.</span> <span class='ocrx_word' id='word_1_79' title='bbox 701 1191 754 1254; x_wconf 80' lang='lat' dir='ltr'>tt</span> <span class='ocrx_word' id='word_1_80' title='bbox 771 1193 853 1258; x_wconf 78' lang='lat' dir='ltr'>haec</span> <span class='ocrx_word' id='word_1_81' title='bbox 875 1209 912 1258; x_wconf 84' lang='lat' dir='ltr'>nt</span> <span class='ocrx_word' id='word_1_82' title='bbox 929 1213 978 1260; x_wconf 83' lang='lat' dir='ltr'>ex·</span> <span class='ocrx_word' id='word_1_83' title='bbox 1042 1217 1100 1282; x_wconf 68' lang='lat' dir='ltr'>ges</span> <span class='ocrx_word' id='word_1_84' title='bbox 1122 1193 1272 1282; x_wconf 73' lang='lat' dir='ltr'>figimus,</span> <span class='ocrx_word' id='word_1_85' title='bbox 1302 1195 1383 1254; x_wconf 84' lang='lat' dir='ltr'>iliud</span> <span class='ocrx_word' id='word_1_86' title='bbox 1403 1199 1497 1258; x_wconf 75' lang='lat' dir='ltr'>anxie</span> <span class='ocrx_word' id='word_1_87' title='bbox 1516 1197 1648 1260; x_wconf 84' lang='lat' dir='ltr'>nimium</span> <span class='ocrx_word' id='word_1_88' title='bbox 1674 1220 1711 1264; x_wconf 82' lang='lat' dir='ltr'>nc</span> <span class='ocrx_word' id='word_1_89' title='bbox 1734 1221 1787 1266; x_wconf 87' lang='lat' dir='ltr'>re·</span> 
     </span>
     <span class='ocr_line' id='line_1_9' title="bbox 242 1295 1786 1385; baseline 0.002 -21"><span class='ocrx_word' id='word_1_90' title='bbox 242 1312 325 1364; x_wconf 86' lang='lat' dir='ltr'>stsnt</span> <span class='ocrx_word' id='word_1_91' title='bbox 355 1299 463 1378; x_wconf 84' lang='lat' dir='ltr'>numi,</span> <span class='ocrx_word' id='word_1_92' title='bbox 496 1299 551 1384; x_wconf 86' lang='lat' dir='ltr'>qui</span> <span class='ocrx_word' id='word_1_93' title='bbox 581 1295 793 1364; x_wconf 71' lang='lat' dir='ltr'>adversentur</span> <span class='ocrx_word' id='word_1_94' title='bbox 815 1297 984 1360; x_wconf 77' lang='lat' dir='ltr'>sententiis</span> <span class='ocrx_word' id='word_1_95' title='bbox 1041 1298 1160 1380; x_wconf 79' lang='lat' dir='ltr'>ligiose</span> <span class='ocrx_word' id='word_1_96' title='bbox 1199 1307 1399 1379; x_wconf 81' lang='lat' dir='ltr'>rpectsmos,</span> <span class='ocrx_word' id='word_1_97' title='bbox 1437 1299 1515 1380; x_wconf 84' lang='lat' dir='ltr'>quid</span> <span class='ocrx_word' id='word_1_98' title='bbox 1552 1321 1786 1385; x_wconf 74' lang='lat' dir='ltr'>nonnunquam</span> 
     </span>
     <span class='ocr_line' id='line_1_10' title="bbox 241 1396 1786 1482; baseline 0.001 -18"><span class='ocrx_word' id='word_1_99' title='bbox 241 1400 408 1476; x_wconf 83' lang='lat' dir='ltr'>omnibns,</span> <span class='ocrx_word' id='word_1_100' title='bbox 437 1401 482 1464; x_wconf 85' lang='lat' dir='ltr'>itn</span> <span class='ocrx_word' id='word_1_101' title='bbox 513 1411 588 1462; x_wconf 86' lang='lat' dir='ltr'>sunt</span> <span class='ocrx_word' id='word_1_102' title='bbox 616 1417 844 1481; x_wconf 78' lang='lat' dir='ltr'>nonnunquam</span> <span class='ocrx_word' id='word_1_103' title='bbox 876 1397 983 1473; x_wconf 84' lang='lat' dir='ltr'>etism,</span> <span class='ocrx_word' id='word_1_104' title='bbox 1041 1398 1119 1480; x_wconf 80' lang='lat' dir='ltr'>iege</span> <span class='ocrx_word' id='word_1_105' title='bbox 1150 1396 1406 1460; x_wconf 78' lang='lat' dir='ltr'>extraordinsrie</span> <span class='ocrx_word' id='word_1_106' title='bbox 1436 1398 1536 1463; x_wconf 79' lang='lat' dir='ltr'>tuerit</span> <span class='ocrx_word' id='word_1_107' title='bbox 1565 1407 1786 1482; x_wconf 85' lang='lat' dir='ltr'>constitutum,</span> 
     </span>
     <span class='ocr_line' id='line_1_11' title="bbox 242 1497 1788 1587; baseline 0.002 -22"><span class='ocrx_word' id='word_1_108' title='bbox 242 1503 298 1587; x_wconf 82' lang='lat' dir='ltr'>qui</span> <span class='ocrx_word' id='word_1_109' title='bbox 320 1515 393 1566; x_wconf 82' lang='lat' dir='ltr'>tore</span> <span class='ocrx_word' id='word_1_110' title='bbox 415 1512 599 1586; x_wconf 74' lang='lat' dir='ltr'>repugnent</span> <span class='ocrx_word' id='word_1_111' title='bbox 622 1498 820 1574; x_wconf 71' lang='lat' dir='ltr'>doctrinae,</span> <span class='ocrx_word' id='word_1_112' title='bbox 842 1511 877 1562; x_wconf 83' lang='lat' dir='ltr'>et</span> <span class='ocrx_word' id='word_1_113' title='bbox 896 1497 986 1563; x_wconf 74' lang='lat' dir='ltr'>isse·</span> <span class='ocrx_word' id='word_1_114' title='bbox 1041 1498 1140 1562; x_wconf 87' lang='lat' dir='ltr'>modo</span> <span class='ocrx_word' id='word_1_115' title='bbox 1159 1500 1269 1580; x_wconf 78' lang='lat' dir='ltr'>legem</span> <span class='ocrx_word' id='word_1_116' title='bbox 1291 1498 1484 1562; x_wconf 75' lang='lat' dir='ltr'>ordinarium</span> <span class='ocrx_word' id='word_1_117' title='bbox 1501 1502 1607 1568; x_wconf 84' lang='lat' dir='ltr'>solide</span> <span class='ocrx_word' id='word_1_118' title='bbox 1624 1505 1788 1570; x_wconf 80' lang='lat' dir='ltr'>stabilive-</span> 
     </span>
     <span class='ocr_line' id='line_1_12' title="bbox 196 1599 1786 1694; baseline 0.003 -28"><span class='ocrx_word' id='word_1_119' title='bbox 196 1611 201 1622; x_wconf 83' lang='lat'>&#39;</span> <span class='ocrx_word' id='word_1_120' title='bbox 241 1617 296 1668; x_wconf 77' lang='lat' dir='ltr'>ent</span> <span class='ocrx_word' id='word_1_121' title='bbox 325 1603 492 1667; x_wconf 74' lang='lat' dir='ltr'>adversae.</span> <span class='ocrx_word' id='word_1_122' title='bbox 536 1599 624 1694; x_wconf 79' lang='lat' dir='ltr'>Quid</span> <span class='ocrx_word' id='word_1_123' title='bbox 653 1599 694 1662; x_wconf 81' lang='lat' dir='ltr'>ssi</span> <span class='ocrx_word' id='word_1_124' title='bbox 717 1600 777 1660; x_wconf 82' lang='lat' dir='ltr'>hos</span> <span class='ocrx_word' id='word_1_125' title='bbox 799 1619 875 1664; x_wconf 85' lang='lat' dir='ltr'>sens</span> <span class='ocrx_word' id='word_1_126' title='bbox 897 1599 985 1660; x_wconf 84' lang='lat' dir='ltr'>criti·</span> <span class='ocrx_word' id='word_1_127' title='bbox 1042 1603 1152 1664; x_wconf 74' lang='lat' dir='ltr'>timue.</span> <span class='ocrx_word' id='word_1_128' title='bbox 1198 1601 1329 1664; x_wconf 82' lang='lat' dir='ltr'>Etenim</span> <span class='ocrx_word' id='word_1_129' title='bbox 1362 1599 1418 1662; x_wconf 87' lang='lat' dir='ltr'>ubi</span> <span class='ocrx_word' id='word_1_130' title='bbox 1447 1602 1542 1686; x_wconf 80' lang='lat' dir='ltr'>pleon</span> <span class='ocrx_word' id='word_1_131' title='bbox 1572 1609 1677 1668; x_wconf 78' lang='lat' dir='ltr'>omnic</span> <span class='ocrx_word' id='word_1_132' title='bbox 1700 1622 1786 1685; x_wconf 87' lang='lat' dir='ltr'>sunt,</span> 
     </span>
     <span class='ocr_line' id='line_1_13' title="bbox 242 1699 1786 1794; baseline 0.001 -25"><span class='ocrx_word' id='word_1_133' title='bbox 242 1703 303 1770; x_wconf 78' lang='lat' dir='ltr'>cei</span> <span class='ocrx_word' id='word_1_134' title='bbox 346 1705 506 1767; x_wconf 77' lang='lat' dir='ltr'>Nimirum</span> <span class='ocrx_word' id='word_1_135' title='bbox 539 1703 657 1766; x_wconf 87' lang='lat' dir='ltr'>eodem</span> <span class='ocrx_word' id='word_1_136' title='bbox 686 1721 761 1765; x_wconf 86' lang='lat' dir='ltr'>com</span> <span class='ocrx_word' id='word_1_137' title='bbox 792 1701 859 1764; x_wconf 87' lang='lat' dir='ltr'>iiiis</span> <span class='ocrx_word' id='word_1_138' title='bbox 884 1699 984 1764; x_wconf 80' lang='lat' dir='ltr'>modo</span> <span class='ocrx_word' id='word_1_139' title='bbox 1041 1701 1406 1786; x_wconf 82' lang='lat' dir='ltr'>nihilqueimpeditnm‚</span> <span class='ocrx_word' id='word_1_140' title='bbox 1430 1702 1574 1786; x_wconf 84' lang='lat' dir='ltr'>legibus,</span> <span class='ocrx_word' id='word_1_141' title='bbox 1596 1709 1786 1794; x_wconf 76' lang='lat' dir='ltr'>regulisque</span> 
     </span>
     <span class='ocr_line' id='line_1_14' title="bbox 242 1806 1789 1889; baseline 0.004 -21"><span class='ocrx_word' id='word_1_142' title='bbox 242 1821 317 1889; x_wconf 73' lang='lat' dir='ltr'>eget</span> <span class='ocrx_word' id='word_1_143' title='bbox 338 1806 451 1870; x_wconf 75' lang='lat' dir='ltr'>critice</span> <span class='ocrx_word' id='word_1_144' title='bbox 473 1807 638 1880; x_wconf 77' lang='lat' dir='ltr'>numeris,</span> <span class='ocrx_word' id='word_1_145' title='bbox 662 1822 728 1886; x_wconf 90' lang='lat' dir='ltr'>qoo</span> <span class='ocrx_word' id='word_1_146' title='bbox 751 1821 823 1866; x_wconf 81' lang='lat' dir='ltr'>cum</span> <span class='ocrx_word' id='word_1_147' title='bbox 840 1821 985 1886; x_wconf 74' lang='lat' dir='ltr'>pogosn·</span> <span class='ocrx_word' id='word_1_148' title='bbox 1043 1823 1124 1888; x_wconf 83' lang='lat' dir='ltr'>opus</span> <span class='ocrx_word' id='word_1_149' title='bbox 1146 1822 1212 1864; x_wconf 89' lang='lat' dir='ltr'>non</span> <span class='ocrx_word' id='word_1_150' title='bbox 1235 1817 1303 1879; x_wconf 87' lang='lat' dir='ltr'>est,</span> <span class='ocrx_word' id='word_1_151' title='bbox 1336 1823 1373 1866; x_wconf 81' lang='lat' dir='ltr'>ac</span> <span class='ocrx_word' id='word_1_152' title='bbox 1403 1818 1480 1869; x_wconf 86' lang='lat' dir='ltr'>tnnc</span> <span class='ocrx_word' id='word_1_153' title='bbox 1502 1807 1633 1870; x_wconf 86' lang='lat' dir='ltr'>demum</span> <span class='ocrx_word' id='word_1_154' title='bbox 1657 1809 1714 1872; x_wconf 78' lang='lat' dir='ltr'>has</span> <span class='ocrx_word' id='word_1_155' title='bbox 1735 1831 1789 1874; x_wconf 85' lang='lat' dir='ltr'>re-</span> 
     </span>
     <span class='ocr_line' id='line_1_15' title="bbox 243 1901 1789 1990; baseline 0.001 -20"><span class='ocrx_word' id='word_1_156' title='bbox 243 1909 328 1972; x_wconf 76' lang='lat' dir='ltr'>tibet</span> <span class='ocrx_word' id='word_1_157' title='bbox 357 1908 553 1990; x_wconf 82' lang='lat' dir='ltr'>ccciptorum</span> <span class='ocrx_word' id='word_1_158' title='bbox 584 1903 777 1969; x_wconf 83' lang='lat' dir='ltr'>testimoniis</span> <span class='ocrx_word' id='word_1_159' title='bbox 804 1903 916 1968; x_wconf 79' lang='lat' dir='ltr'>critice</span> <span class='ocrx_word' id='word_1_160' title='bbox 938 1901 987 1966; x_wconf 87' lang='lat' dir='ltr'>isi·</span> <span class='ocrx_word' id='word_1_161' title='bbox 1042 1905 1217 1987; x_wconf 83' lang='lat' dir='ltr'>spicimos,</span> <span class='ocrx_word' id='word_1_162' title='bbox 1247 1925 1321 1969; x_wconf 87' lang='lat' dir='ltr'>cum</span> <span class='ocrx_word' id='word_1_163' title='bbox 1344 1905 1473 1968; x_wconf 81' lang='lat' dir='ltr'>emoliri</span> <span class='ocrx_word' id='word_1_164' title='bbox 1503 1906 1712 1971; x_wconf 76' lang='lat' dir='ltr'>difficultates</span> <span class='ocrx_word' id='word_1_165' title='bbox 1734 1931 1789 1974; x_wconf 86' lang='lat' dir='ltr'>cu·</span> 
     </span>
     <span class='ocr_line' id='line_1_16' title="bbox 240 2005 1790 2091; baseline 0.001 -17"><span class='ocrx_word' id='word_1_166' title='bbox 240 2013 369 2076; x_wconf 79' lang='lat' dir='ltr'>storice.</span> <span class='ocrx_word' id='word_1_167' title='bbox 414 2013 558 2072; x_wconf 83' lang='lat' dir='ltr'>Necesse</span> <span class='ocrx_word' id='word_1_168' title='bbox 572 2005 762 2091; x_wconf 85' lang='lat' dir='ltr'>comprimis</span> <span class='ocrx_word' id='word_1_169' title='bbox 777 2005 991 2068; x_wconf 76' lang='lat' dir='ltr'>eritcircum·</span> <span class='ocrx_word' id='word_1_170' title='bbox 1042 2006 1166 2088; x_wconf 84' lang='lat' dir='ltr'>pimuc,</span> <span class='ocrx_word' id='word_1_171' title='bbox 1199 2027 1281 2088; x_wconf 81' lang='lat' dir='ltr'>qoee</span> <span class='ocrx_word' id='word_1_172' title='bbox 1312 2027 1439 2069; x_wconf 80' lang='lat' dir='ltr'>ccusnm</span> <span class='ocrx_word' id='word_1_173' title='bbox 1464 2007 1663 2091; x_wconf 82' lang='lat' dir='ltr'>impediunt,</span> <span class='ocrx_word' id='word_1_174' title='bbox 1695 2025 1729 2074; x_wconf 87' lang='lat' dir='ltr'>et</span> <span class='ocrx_word' id='word_1_175' title='bbox 1759 2013 1790 2076; x_wconf 87' lang='lat' dir='ltr'>si</span> 
     </span>
     <span class='ocr_line' id='line_1_17' title="bbox 241 2105 1788 2198; baseline 0.001 -23"><span class='ocrx_word' id='word_1_176' title='bbox 241 2113 369 2196; x_wconf 76' lang='lat' dir='ltr'>spicere</span> <span class='ocrx_word' id='word_1_177' title='bbox 412 2107 544 2184; x_wconf 86' lang='lat' dir='ltr'>modos,</span> <span class='ocrx_word' id='word_1_178' title='bbox 588 2106 705 2192; x_wconf 85' lang='lat' dir='ltr'>quibus</span> <span class='ocrx_word' id='word_1_179' title='bbox 736 2107 867 2168; x_wconf 76' lang='lat' dir='ltr'>dissidia</span> <span class='ocrx_word' id='word_1_180' title='bbox 903 2105 985 2168; x_wconf 79' lang='lat' dir='ltr'>hoec</span> <span class='ocrx_word' id='word_1_181' title='bbox 1044 2128 1107 2191; x_wconf 78' lang='lat' dir='ltr'>qne</span> <span class='ocrx_word' id='word_1_182' title='bbox 1120 2121 1169 2172; x_wconf 90' lang='lat' dir='ltr'>est</span> <span class='ocrx_word' id='word_1_183' title='bbox 1188 2108 1346 2170; x_wconf 78' lang='lat' dir='ltr'>sententia</span> <span class='ocrx_word' id='word_1_184' title='bbox 1362 2106 1433 2186; x_wconf 86' lang='lat' dir='ltr'>ejus</span> <span class='ocrx_word' id='word_1_185' title='bbox 1445 2122 1596 2186; x_wconf 77' lang='lat' dir='ltr'>naturae,</span> <span class='ocrx_word' id='word_1_186' title='bbox 1619 2128 1653 2174; x_wconf 85' lang='lat' dir='ltr'>nt</span> <span class='ocrx_word' id='word_1_187' title='bbox 1673 2115 1788 2198; x_wconf 78' lang='lat' dir='ltr'>magis,</span> 
     </span>
     <span class='ocr_line' id='line_1_18' title="bbox 242 2206 1788 2296; baseline 0.001 -20"><span class='ocrx_word' id='word_1_188' title='bbox 242 2213 366 2296; x_wconf 82' lang='lat' dir='ltr'>possint</span> <span class='ocrx_word' id='word_1_189' title='bbox 395 2207 582 2283; x_wconf 71' lang='lat' dir='ltr'>conciliari,</span> <span class='ocrx_word' id='word_1_190' title='bbox 614 2222 650 2270; x_wconf 87' lang='lat' dir='ltr'>ut</span> <span class='ocrx_word' id='word_1_191' title='bbox 678 2228 755 2270; x_wconf 81' lang='lat' dir='ltr'>sene</span> <span class='ocrx_word' id='word_1_192' title='bbox 784 2206 897 2289; x_wconf 80' lang='lat' dir='ltr'>reperi</span> <span class='ocrx_word' id='word_1_193' title='bbox 919 2223 988 2269; x_wconf 80' lang='lat' dir='ltr'>nto·</span> <span class='ocrx_word' id='word_1_194' title='bbox 1044 2209 1458 2295; x_wconf 82' lang='lat' dir='ltr'>quemqueecnnqocelis,</span> <span class='ocrx_word' id='word_1_195' title='bbox 1482 2213 1788 2292; x_wconf 82' lang='lat' dir='ltr'>molestinseximet,</span> 
     </span>
     <span class='ocr_line' id='line_1_19' title="bbox 242 2307 1789 2398; baseline 0.002 -20"><span class='ocrx_word' id='word_1_196' title='bbox 242 2313 303 2378; x_wconf 79' lang='lat' dir='ltr'>doc</span> <span class='ocrx_word' id='word_1_197' title='bbox 338 2329 541 2394; x_wconf 81' lang='lat' dir='ltr'>oeqosqusm</span> <span class='ocrx_word' id='word_1_198' title='bbox 576 2309 757 2385; x_wconf 85' lang='lat' dir='ltr'>violentos,</span> <span class='ocrx_word' id='word_1_199' title='bbox 791 2309 850 2370; x_wconf 83' lang='lat' dir='ltr'>sed</span> <span class='ocrx_word' id='word_1_200' title='bbox 889 2307 985 2391; x_wconf 77' lang='lat' dir='ltr'>piene</span> <span class='ocrx_word' id='word_1_201' title='bbox 1043 2311 1406 2394; x_wconf 81' lang='lat' dir='ltr'>iltsmotsrripiemue,</span> <span class='ocrx_word' id='word_1_202' title='bbox 1428 2325 1681 2398; x_wconf 76' lang='lat' dir='ltr'>teneamusque,</span> <span class='ocrx_word' id='word_1_203' title='bbox 1703 2317 1789 2382; x_wconf 80' lang='lat' dir='ltr'>rotie</span> 
     </span>
     <span class='ocr_line' id='line_1_20' title="bbox 244 2409 1192 2497; baseline -0.002 -21"><span class='ocrx_word' id='word_1_204' title='bbox 244 2411 453 2496; x_wconf 70' lang='lat' dir='ltr'>probabiles,</span> <span class='ocrx_word' id='word_1_205' title='bbox 481 2411 597 2495; x_wconf 85' lang='lat' dir='ltr'>quibus</span> <span class='ocrx_word' id='word_1_206' title='bbox 619 2409 828 2474; x_wconf 70' lang='lat' dir='ltr'>refractarios</span> <span class='ocrx_word' id='word_1_207' title='bbox 857 2411 891 2472; x_wconf 85' lang='lat' dir='ltr'>io</span> <span class='ocrx_word' id='word_1_208' title='bbox 912 2425 986 2491; x_wconf 79' lang='lat' dir='ltr'>spe·</span> <span class='ocrx_word' id='word_1_209' title='bbox 1043 2411 1192 2497; x_wconf 77' lang='lat' dir='ltr'>imperet.</span> 
     </span>
    </p>

    <p class='ocr_par' dir='ltr' id='par_1_5' title="bbox 242 2503 1791 2800">
     <span class='ocr_line' id='line_1_21' title="bbox 244 2503 1791 2596; baseline 0.003 -18"><span class='ocrx_word' id='word_1_210' title='bbox 244 2517 329 2578; x_wconf 85' lang='lat' dir='ltr'>ciem</span> <span class='ocrx_word' id='word_1_211' title='bbox 357 2511 516 2588; x_wconf 72' lang='lat' dir='ltr'>Macrini,</span> <span class='ocrx_word' id='word_1_212' title='bbox 548 2510 791 2574; x_wconf 58' lang='lat' dir='ltr'>ettennon</span> <span class='ocrx_word' id='word_1_213' title='bbox 822 2511 898 2576; x_wconf 78' lang='lat' dir='ltr'>Ser.</span> <span class='ocrx_word' id='word_1_214' title='bbox 927 2531 987 2574; x_wconf 81' lang='lat' dir='ltr'>nn·</span> <span class='ocrx_word' id='word_1_215' title='bbox 1105 2515 1281 2584; x_wconf 70' lang='lat' dir='ltr'>flectes</span> <span class='ocrx_word' id='word_1_216' title='bbox 1306 2517 1346 2584; x_wconf 82' lang='lat' dir='ltr'>V.</span> <span class='ocrx_word' id='word_1_217' title='bbox 1379 2503 1489 2580; x_wconf 78' lang='lat' dir='ltr'>Vtrum</span> <span class='ocrx_word' id='word_1_218' title='bbox 1508 2520 1791 2596; x_wconf 80' lang='lat' dir='ltr'>imperotoresati·</span> 
     </span>
     <span class='ocr_line' id='line_1_22' title="bbox 242 2611 1789 2700; baseline 0.006 -22"><span class='ocrx_word' id='word_1_219' title='bbox 242 2634 331 2690; x_wconf 83' lang='lat' dir='ltr'>mos,</span> <span class='ocrx_word' id='word_1_220' title='bbox 364 2632 446 2696; x_wconf 80' lang='lat' dir='ltr'>quet</span> <span class='ocrx_word' id='word_1_221' title='bbox 483 2613 582 2675; x_wconf 84' lang='lat' dir='ltr'>modo</span> <span class='ocrx_word' id='word_1_222' title='bbox 611 2615 727 2691; x_wconf 72' lang='lat' dir='ltr'>citeri,</span> <span class='ocrx_word' id='word_1_223' title='bbox 771 2615 805 2675; x_wconf 89' lang='lat' dir='ltr'>in</span> <span class='ocrx_word' id='word_1_224' title='bbox 835 2611 991 2674; x_wconf 83' lang='lat' dir='ltr'>ordinem·</span> <span class='ocrx_word' id='word_1_225' title='bbox 1044 2637 1105 2700; x_wconf 77' lang='lat' dir='ltr'>quo</span> <span class='ocrx_word' id='word_1_226' title='bbox 1132 2620 1220 2678; x_wconf 82' lang='lat' dir='ltr'>intra</span> <span class='ocrx_word' id='word_1_227' title='bbox 1245 2623 1379 2680; x_wconf 75' lang='lat' dir='ltr'>eundem</span> <span class='ocrx_word' id='word_1_228' title='bbox 1403 2639 1520 2679; x_wconf 81' lang='lat' dir='ltr'>emtum</span> <span class='ocrx_word' id='word_1_229' title='bbox 1543 2621 1708 2684; x_wconf 79' lang='lat' dir='ltr'>Iulianum</span> <span class='ocrx_word' id='word_1_230' title='bbox 1734 2627 1789 2689; x_wconf 85' lang='lat' dir='ltr'>ds&#39;e</span> 
     </span>
     <span class='ocr_line' id='line_1_23' title="bbox 242 2711 1789 2800; baseline 0.004 -18"><span class='ocrx_word' id='word_1_231' title='bbox 242 2717 441 2800; x_wconf 80' lang='lat' dir='ltr'>redigerem.</span> <span class='ocrx_word' id='word_1_232' title='bbox 486 2715 543 2776; x_wconf 83' lang='lat' dir='ltr'>Sin</span> <span class='ocrx_word' id='word_1_233' title='bbox 575 2713 661 2776; x_wconf 82' lang='lat' dir='ltr'>istud</span> <span class='ocrx_word' id='word_1_234' title='bbox 693 2734 759 2776; x_wconf 89' lang='lat' dir='ltr'>non</span> <span class='ocrx_word' id='word_1_235' title='bbox 782 2713 930 2787; x_wconf 82' lang='lat' dir='ltr'>debitor,</span> <span class='ocrx_word' id='word_1_236' title='bbox 951 2711 986 2776; x_wconf 81' lang='lat' dir='ltr'>id</span> <span class='ocrx_word' id='word_1_237' title='bbox 1039 2728 1116 2798; x_wconf 83' lang='lat' dir='ltr'>poet</span> <span class='ocrx_word' id='word_1_238' title='bbox 1129 2721 1293 2780; x_wconf 79' lang='lat' dir='ltr'>Kalendae</span> <span class='ocrx_word' id='word_1_239' title='bbox 1312 2722 1489 2780; x_wconf 79' lang='lat' dir='ltr'>Ianuariae</span> <span class='ocrx_word' id='word_1_240' title='bbox 1510 2721 1699 2784; x_wconf 79' lang='lat' dir='ltr'>iteraverint</span> <span class='ocrx_word' id='word_1_241' title='bbox 1714 2725 1789 2790; x_wconf 81' lang='lat' dir='ltr'>trib.</span> 
     </span>
    </p>
   </div>
   <div class='ocr_carea' id='block_1_5' title="bbox 243 2814 1895 2912">
    <p class='ocr_par' dir='ltr' id='par_1_6' title="bbox 243 2814 1895 2912">
     <span class='ocr_line' id='line_1_24' title="bbox 243 2814 1895 2912; baseline 0.004 -29"><span class='ocrx_word' id='word_1_242' title='bbox 243 2839 346 2904; x_wconf 75' lang='lat' dir='ltr'>genos</span> <span class='ocrx_word' id='word_1_243' title='bbox 367 2815 457 2880; x_wconf 87' lang='lat' dir='ltr'>numi</span> <span class='ocrx_word' id='word_1_244' title='bbox 478 2829 573 2881; x_wconf 85' lang='lat' dir='ltr'>erunt</span> <span class='ocrx_word' id='word_1_245' title='bbox 592 2817 624 2876; x_wconf 89' lang='lat' dir='ltr'>in</span> <span class='ocrx_word' id='word_1_246' title='bbox 647 2815 813 2878; x_wconf 76' lang='lat' dir='ltr'>indomitis</span> <span class='ocrx_word' id='word_1_247' title='bbox 833 2814 988 2888; x_wconf 74' lang='lat' dir='ltr'>iubendi,</span> <span class='ocrx_word' id='word_1_248' title='bbox 1038 2829 1246 2898; x_wconf 68' lang='lat' dir='ltr'>protectorem,</span> <span class='ocrx_word' id='word_1_249' title='bbox 1278 2824 1453 2882; x_wconf 68' lang='lat' dir='ltr'>certissime</span> <span class='ocrx_word' id='word_1_250' title='bbox 1477 2823 1591 2881; x_wconf 85' lang='lat' dir='ltr'>docent</span> <span class='ocrx_word' id='word_1_251' title='bbox 1605 2825 1789 2888; x_wconf 75' lang='lat' dir='ltr'>tribunatuo</span> <span class='ocrx_word' id='word_1_252' title='bbox 1892 2903 1895 2912; x_wconf 88' lang='lat'>.</span> 
     </span>
    </p>
   </div>
   <div class='ocr_carea' id='block_1_6' title="bbox 241 2916 1793 4222">
    <p class='ocr_par' dir='ltr' id='par_1_7' title="bbox 241 2916 1544 3005">
     <span class='ocr_line' id='line_1_25' title="bbox 241 2916 1544 3005; baseline -0.003 -23"><span class='ocrx_word' id='word_1_253' title='bbox 241 2940 347 3004; x_wconf 84' lang='lat' dir='ltr'>neque</span> <span class='ocrx_word' id='word_1_254' title='bbox 364 2917 636 3005; x_wconf 82' lang='lat' dir='ltr'>permittendum,</span> <span class='ocrx_word' id='word_1_255' title='bbox 659 2931 694 2981; x_wconf 83' lang='grc' dir='ltr'>ιιι</span> <span class='ocrx_word' id='word_1_256' title='bbox 715 2919 811 2982; x_wconf 85' lang='grc' dir='ltr'>ιιιιίιιι</span> <span class='ocrx_word' id='word_1_257' title='bbox 832 2919 905 2981; x_wconf 82' lang='lat' dir='ltr'>enni</span> <span class='ocrx_word' id='word_1_258' title='bbox 921 2916 986 2980; x_wconf 85' lang='lat' dir='ltr'>siis·</span> <span class='ocrx_word' id='word_1_259' title='bbox 1042 2937 1114 2979; x_wconf 83' lang='lat' dir='ltr'>cssrn</span> <span class='ocrx_word' id='word_1_260' title='bbox 1130 2923 1350 2984; x_wconf 75' lang='lat' dir='ltr'>consulatibus</span> <span class='ocrx_word' id='word_1_261' title='bbox 1367 2925 1544 3000; x_wconf 83' lang='lat' dir='ltr'>compositi.</span> 
     </span>
    </p>

    <p class='ocr_par' dir='ltr' id='par_1_8' title="bbox 242 3019 1793 4222">
     <span class='ocr_line' id='line_1_26' title="bbox 243 3019 1786 3110; baseline 0.003 -26"><span class='ocrx_word' id='word_1_262' title='bbox 243 3023 423 3086; x_wconf 66' lang='lat' dir='ltr'>sentiente·</span> <span class='ocrx_word' id='word_1_263' title='bbox 444 3021 698 3094; x_wconf 84' lang='lat' dir='ltr'>nomicertnm,</span> <span class='ocrx_word' id='word_1_264' title='bbox 719 3019 882 3104; x_wconf 77' lang='lat' dir='ltr'>fixamque</span> <span class='ocrx_word' id='word_1_265' title='bbox 907 3019 987 3084; x_wconf 85' lang='lat' dir='ltr'>elio·</span> <span class='ocrx_word' id='word_1_266' title='bbox 1106 3019 1297 3080; x_wconf 80' lang='lat' dir='ltr'>Doctrinsm</span> <span class='ocrx_word' id='word_1_267' title='bbox 1336 3021 1418 3081; x_wconf 80' lang='lat' dir='ltr'>hanc</span> <span class='ocrx_word' id='word_1_268' title='bbox 1454 3021 1507 3085; x_wconf 82' lang='lat' dir='ltr'>sei</span> <span class='ocrx_word' id='word_1_269' title='bbox 1534 3041 1600 3086; x_wconf 88' lang='lat' dir='ltr'>uno</span> <span class='ocrx_word' id='word_1_270' title='bbox 1631 3025 1786 3110; x_wconf 81' lang='lat' dir='ltr'>exemplo</span> 
     </span>
     <span class='ocr_line' id='line_1_27' title="bbox 242 3120 1786 3209; baseline 0.002 -23"><span class='ocrx_word' id='word_1_271' title='bbox 242 3146 316 3208; x_wconf 74' lang='lat' dir='ltr'>runs</span> <span class='ocrx_word' id='word_1_272' title='bbox 346 3142 503 3186; x_wconf 76' lang='lat' dir='ltr'>annorum</span> <span class='ocrx_word' id='word_1_273' title='bbox 535 3123 643 3203; x_wconf 78' lang='lat' dir='ltr'>legem</span> <span class='ocrx_word' id='word_1_274' title='bbox 682 3133 840 3185; x_wconf 74' lang='lat' dir='ltr'>evertant.</span> <span class='ocrx_word' id='word_1_275' title='bbox 882 3121 986 3185; x_wconf 76' lang='lat' dir='ltr'>Muto</span> <span class='ocrx_word' id='word_1_276' title='bbox 1043 3121 1237 3188; x_wconf 74' lang='lat' dir='ltr'>stabilivisse</span> <span class='ocrx_word' id='word_1_277' title='bbox 1268 3121 1343 3185; x_wconf 85' lang='lat' dir='ltr'>setis</span> <span class='ocrx_word' id='word_1_278' title='bbox 1373 3120 1447 3184; x_wconf 83' lang='lat' dir='ltr'>erit.</span> <span class='ocrx_word' id='word_1_279' title='bbox 1490 3123 1628 3187; x_wconf 73' lang='lat' dir='ltr'>Exstant</span> <span class='ocrx_word' id='word_1_280' title='bbox 1659 3126 1786 3209; x_wconf 81' lang='lat' dir='ltr'>copiosi</span> 
     </span>
     <span class='ocr_line' id='line_1_28' title="bbox 244 3221 1791 3306; baseline 0.003 -20"><span class='ocrx_word' id='word_1_281' title='bbox 244 3238 337 3300; x_wconf 82' lang='lat' dir='ltr'>eunt,</span> <span class='ocrx_word' id='word_1_282' title='bbox 359 3235 394 3286; x_wconf 85' lang='lat' dir='ltr'>et</span> <span class='ocrx_word' id='word_1_283' title='bbox 414 3243 487 3286; x_wconf 87' lang='lat' dir='ltr'>esse</span> <span class='ocrx_word' id='word_1_284' title='bbox 506 3222 627 3286; x_wconf 87' lang='lat' dir='ltr'>debent</span> <span class='ocrx_word' id='word_1_285' title='bbox 649 3222 681 3282; x_wconf 87' lang='lat' dir='ltr'>in</span> <span class='ocrx_word' id='word_1_286' title='bbox 704 3221 900 3304; x_wconf 76' lang='lat' dir='ltr'>antiquitatie</span> <span class='ocrx_word' id='word_1_287' title='bbox 922 3234 987 3284; x_wconf 87' lang='lat' dir='ltr'>sto·</span> <span class='ocrx_word' id='word_1_288' title='bbox 1042 3223 1219 3285; x_wconf 72' lang='lat' dir='ltr'>Domitiani</span> <span class='ocrx_word' id='word_1_289' title='bbox 1238 3222 1345 3297; x_wconf 89' lang='lat' dir='ltr'>numi,</span> <span class='ocrx_word' id='word_1_290' title='bbox 1379 3242 1517 3306; x_wconf 81' lang='lat' dir='ltr'>quorum</span> <span class='ocrx_word' id='word_1_291' title='bbox 1547 3225 1694 3290; x_wconf 87' lang='lat' dir='ltr'>siiicnm</span> <span class='ocrx_word' id='word_1_292' title='bbox 1713 3247 1791 3291; x_wconf 87' lang='lat' dir='ltr'>con·</span> 
     </span>
     <span class='ocr_line' id='line_1_29' title="bbox 245 3315 1792 3410; baseline 0.004 -24"><span class='ocrx_word' id='word_1_293' title='bbox 245 3325 300 3388; x_wconf 85' lang='lat' dir='ltr'>dio</span> <span class='ocrx_word' id='word_1_294' title='bbox 323 3323 466 3402; x_wconf 84' lang='lat' dir='ltr'>incerte,</span> <span class='ocrx_word' id='word_1_295' title='bbox 496 3315 613 3395; x_wconf 81' lang='lat' dir='ltr'>dubie,</span> <span class='ocrx_word' id='word_1_296' title='bbox 645 3335 679 3383; x_wconf 87' lang='lat' dir='ltr'>et</span> <span class='ocrx_word' id='word_1_297' title='bbox 699 3324 785 3386; x_wconf 80' lang='lat' dir='ltr'>mele</span> <span class='ocrx_word' id='word_1_298' title='bbox 807 3323 987 3387; x_wconf 75' lang='lat' dir='ltr'>cohoeren·</span> <span class='ocrx_word' id='word_1_299' title='bbox 1043 3324 1562 3410; x_wconf 79' lang='lat' dir='ltr'>suletoX111.conjuoguntTR.</span> <span class='ocrx_word' id='word_1_300' title='bbox 1588 3327 1792 3408; x_wconf 78' lang='lat' dir='ltr'>P.V1.,slii</span> 
     </span>
     <span class='ocr_line' id='line_1_30' title="bbox 243 3423 1792 3508; baseline 0.004 -18"><span class='ocrx_word' id='word_1_301' title='bbox 243 3425 304 3500; x_wconf 82' lang='lat' dir='ltr'>tia,</span> <span class='ocrx_word' id='word_1_302' title='bbox 356 3423 447 3506; x_wconf 81' lang='lat' dir='ltr'>cujus</span> <span class='ocrx_word' id='word_1_303' title='bbox 489 3424 663 3508; x_wconf 74' lang='lat' dir='ltr'>praecipue</span> <span class='ocrx_word' id='word_1_304' title='bbox 715 3423 827 3506; x_wconf 85' lang='lat' dir='ltr'>otique</span> <span class='ocrx_word' id='word_1_305' title='bbox 879 3441 983 3496; x_wconf 84' lang='lat' dir='ltr'>cscse,</span> <span class='ocrx_word' id='word_1_306' title='bbox 1046 3427 1115 3488; x_wconf 85' lang='lat' dir='ltr'>TR.</span> <span class='ocrx_word' id='word_1_307' title='bbox 1132 3425 1169 3484; x_wconf 89' lang='lat' dir='ltr'>P.</span> <span class='ocrx_word' id='word_1_308' title='bbox 1191 3427 1262 3490; x_wconf 84' lang='lat' dir='ltr'>vu.</span> <span class='ocrx_word' id='word_1_309' title='bbox 1306 3427 1372 3486; x_wconf 77' lang='lat' dir='ltr'>lam</span> <span class='ocrx_word' id='word_1_310' title='bbox 1394 3446 1473 3491; x_wconf 86' lang='lat' dir='ltr'>vero</span> <span class='ocrx_word' id='word_1_311' title='bbox 1495 3443 1620 3492; x_wconf 87' lang='lat' dir='ltr'>certum</span> <span class='ocrx_word' id='word_1_312' title='bbox 1641 3445 1711 3508; x_wconf 92' lang='lat' dir='ltr'>est,</span> <span class='ocrx_word' id='word_1_313' title='bbox 1732 3454 1792 3496; x_wconf 88' lang='grc' dir='ltr'>ιιιι-</span> 
     </span>
     <span class='ocr_line' id='line_1_31' title="bbox 246 3523 1790 3614; baseline 0.002 -26"><span class='ocrx_word' id='word_1_314' title='bbox 246 3523 332 3611; x_wconf 83' lang='lat' dir='ltr'>qnod</span> <span class='ocrx_word' id='word_1_315' title='bbox 375 3525 524 3608; x_wconf 79' lang='lat' dir='ltr'>plerique</span> <span class='ocrx_word' id='word_1_316' title='bbox 562 3539 710 3588; x_wconf 80' lang='lat' dir='ltr'>veterum</span> <span class='ocrx_word' id='word_1_317' title='bbox 750 3523 986 3598; x_wconf 85' lang='lat' dir='ltr'>commentarii,</span> <span class='ocrx_word' id='word_1_318' title='bbox 1045 3541 1116 3584; x_wconf 88' lang='lat' dir='ltr'>mos</span> <span class='ocrx_word' id='word_1_319' title='bbox 1138 3523 1790 3614; x_wconf 73' lang='lat' dir='ltr'>utrolibetmodoinccriptosunionem</span> 
     </span>
     <span class='ocr_line' id='line_1_32' title="bbox 246 3623 1793 3714; baseline -0.001 -23"><span class='ocrx_word' id='word_1_320' title='bbox 246 3631 300 3714; x_wconf 89' lang='lat' dir='ltr'>qui</span> <span class='ocrx_word' id='word_1_321' title='bbox 331 3627 428 3690; x_wconf 81' lang='lat' dir='ltr'>dubis</span> <span class='ocrx_word' id='word_1_322' title='bbox 460 3627 542 3690; x_wconf 86' lang='lat' dir='ltr'>beec</span> <span class='ocrx_word' id='word_1_323' title='bbox 573 3625 787 3706; x_wconf 82' lang='lat' dir='ltr'>expedirent,</span> <span class='ocrx_word' id='word_1_324' title='bbox 818 3623 987 3686; x_wconf 85' lang='lat' dir='ltr'>interiere.</span> <span class='ocrx_word' id='word_1_325' title='bbox 1045 3623 1121 3686; x_wconf 82' lang='lat' dir='ltr'>enni</span> <span class='ocrx_word' id='word_1_326' title='bbox 1145 3623 1280 3699; x_wconf 79' lang='lat' dir='ltr'>iolisni,</span> <span class='ocrx_word' id='word_1_327' title='bbox 1310 3628 1463 3713; x_wconf 79' lang='lat' dir='ltr'>nimirum</span> <span class='ocrx_word' id='word_1_328' title='bbox 1484 3634 1524 3700; x_wconf 85' lang='lat' dir='ltr'>V.</span> <span class='ocrx_word' id='word_1_329' title='bbox 1544 3636 1577 3696; x_wconf 86' lang='lat' dir='ltr'>C.</span> <span class='ocrx_word' id='word_1_330' title='bbox 1598 3635 1674 3708; x_wconf 69' lang='lat'>840,</span> <span class='ocrx_word' id='word_1_331' title='bbox 1716 3635 1793 3698; x_wconf 76' lang='lat' dir='ltr'>Non</span> 
     </span>
     <span class='ocr_line' id='line_1_33' title="bbox 242 3723 1792 3816; baseline 0.004 -24"><span class='ocrx_word' id='word_1_332' title='bbox 242 3731 423 3792; x_wconf 81' lang='lat' dir='ltr'>Enimvero</span> <span class='ocrx_word' id='word_1_333' title='bbox 433 3729 661 3804; x_wconf 83' lang='lat' dir='ltr'>rescivissem,</span> <span class='ocrx_word' id='word_1_334' title='bbox 685 3747 749 3811; x_wconf 87' lang='lat' dir='ltr'>qno</span> <span class='ocrx_word' id='word_1_335' title='bbox 767 3736 877 3788; x_wconf 73' lang='lat' dir='ltr'>essent</span> <span class='ocrx_word' id='word_1_336' title='bbox 890 3723 988 3788; x_wconf 84' lang='lat' dir='ltr'>modo</span> <span class='ocrx_word' id='word_1_337' title='bbox 1046 3739 1181 3809; x_wconf 80' lang='lat' dir='ltr'>possunt</span> <span class='ocrx_word' id='word_1_338' title='bbox 1194 3745 1268 3788; x_wconf 77' lang='lat' dir='ltr'>cose</span> <span class='ocrx_word' id='word_1_339' title='bbox 1283 3731 1356 3788; x_wconf 88' lang='lat' dir='ltr'>enni</span> <span class='ocrx_word' id='word_1_340' title='bbox 1368 3731 1596 3812; x_wconf 82' lang='lat' dir='ltr'>prsecedentis</span> <span class='ocrx_word' id='word_1_341' title='bbox 1612 3735 1693 3816; x_wconf 77' lang='lat'>839,</span> <span class='ocrx_word' id='word_1_342' title='bbox 1715 3754 1792 3798; x_wconf 75' lang='lat' dir='ltr'>nem</span> 
     </span>
     <span class='ocr_line' id='line_1_34' title="bbox 245 3825 1793 3920; baseline 0 -22"><span class='ocrx_word' id='word_1_343' title='bbox 245 3829 429 3917; x_wconf 71' lang='lat' dir='ltr'>explicanti</span> <span class='ocrx_word' id='word_1_344' title='bbox 456 3830 544 3895; x_wconf 85' lang='lat' dir='ltr'>nomi</span> <span class='ocrx_word' id='word_1_345' title='bbox 575 3829 730 3904; x_wconf 72' lang='lat' dir='ltr'>Macrini,</span> <span class='ocrx_word' id='word_1_346' title='bbox 766 3847 905 3911; x_wconf 86' lang='lat' dir='ltr'>quorum</span> <span class='ocrx_word' id='word_1_347' title='bbox 934 3825 989 3891; x_wconf 82' lang='lat' dir='ltr'>elii</span> <span class='ocrx_word' id='word_1_348' title='bbox 1046 3828 1411 3905; x_wconf 61' lang='lat' dir='ltr'>semronmaron,</span> <span class='ocrx_word' id='word_1_349' title='bbox 1434 3851 1541 3916; x_wconf 86' lang='lat' dir='ltr'>oeque</span> <span class='ocrx_word' id='word_1_350' title='bbox 1565 3834 1793 3920; x_wconf 83' lang='lat' dir='ltr'>ennisequeo·</span> 
     </span>
     <span class='ocr_line' id='line_1_35' title="bbox 244 3927 1793 4008; baseline 0.003 -12"><span class='ocrx_word' id='word_1_351' title='bbox 244 3935 328 4008; x_wconf 63' lang='lat' dir='ltr'>intre</span> <span class='ocrx_word' id='word_1_352' title='bbox 345 3932 617 3998; x_wconf 84' lang='lat' dir='ltr'>eundemennom</span> <span class='ocrx_word' id='word_1_353' title='bbox 630 3931 789 3994; x_wconf 78' lang='lat' dir='ltr'>lulianum</span> <span class='ocrx_word' id='word_1_354' title='bbox 806 3927 989 3992; x_wconf 79' lang='lat' dir='ltr'>inscribunt</span> <span class='ocrx_word' id='word_1_355' title='bbox 1046 3931 1088 3993; x_wconf 90' lang='lat' dir='ltr'>tis</span> <span class='ocrx_word' id='word_1_356' title='bbox 1105 3931 1187 4006; x_wconf 81' lang='grc' dir='ltr'>84ι,</span> <span class='ocrx_word' id='word_1_357' title='bbox 1211 3951 1284 3992; x_wconf 87' lang='lat' dir='ltr'>nsm</span> <span class='ocrx_word' id='word_1_358' title='bbox 1305 3945 1371 3994; x_wconf 86' lang='lat' dir='ltr'>tom</span> <span class='ocrx_word' id='word_1_359' title='bbox 1395 3933 1457 3996; x_wconf 80' lang='lat' dir='ltr'>fuit</span> <span class='ocrx_word' id='word_1_360' title='bbox 1485 3934 1582 3999; x_wconf 86' lang='lat' dir='ltr'>COS.</span> <span class='ocrx_word' id='word_1_361' title='bbox 1600 3937 1687 4005; x_wconf 84' lang='lat' dir='ltr'>XIV.</span> <span class='ocrx_word' id='word_1_362' title='bbox 1730 3938 1793 4000; x_wconf 84' lang='lat' dir='ltr'>Er·</span> 
     </span>
     <span class='ocr_line' id='line_1_36' title="bbox 245 4030 1790 4120; baseline 0.002 -20"><span class='ocrx_word' id='word_1_363' title='bbox 245 4036 341 4100; x_wconf 77' lang='lat'><strong>008.</strong></span> <span class='ocrx_word' id='word_1_364' title='bbox 373 4036 531 4120; x_wconf 78' lang='lat' dir='ltr'>simplex,</span> <span class='ocrx_word' id='word_1_365' title='bbox 564 4033 619 4094; x_wconf 69' lang='lat' dir='ltr'>atii</span> <span class='ocrx_word' id='word_1_366' title='bbox 648 4030 743 4096; x_wconf 84' lang='lat' dir='ltr'><strong>COS.</strong></span> <span class='ocrx_word' id='word_1_367' title='bbox 771 4035 830 4108; x_wconf 88' lang='lat'>11.,</span> <span class='ocrx_word' id='word_1_368' title='bbox 860 4032 923 4094; x_wconf 87' lang='lat' dir='ltr'>nisi</span> <span class='ocrx_word' id='word_1_369' title='bbox 944 4045 991 4096; x_wconf 84' lang='lat' dir='ltr'>te·</span> <span class='ocrx_word' id='word_1_370' title='bbox 1047 4052 1090 4114; x_wconf 80' lang='lat' dir='ltr'>go</span> <span class='ocrx_word' id='word_1_371' title='bbox 1126 4033 1331 4098; x_wconf 75' lang='lat' dir='ltr'>Domitianus</span> <span class='ocrx_word' id='word_1_372' title='bbox 1368 4033 1452 4100; x_wconf 83' lang='lat' dir='ltr'>intre</span> <span class='ocrx_word' id='word_1_373' title='bbox 1491 4036 1632 4100; x_wconf 85' lang='lat' dir='ltr'>eundem</span> <span class='ocrx_word' id='word_1_374' title='bbox 1671 4058 1790 4103; x_wconf 76' lang='lat' dir='ltr'>annum</span> 
     </span>
     <span class='ocr_line' id='line_1_37' title="bbox 246 4133 1793 4222; baseline 0.004 -22"><span class='ocrx_word' id='word_1_375' title='bbox 246 4137 395 4222; x_wconf 74' lang='lat' dir='ltr'>centibus</span> <span class='ocrx_word' id='word_1_376' title='bbox 413 4134 576 4200; x_wconf 86' lang='lat' dir='ltr'>historicis</span> <span class='ocrx_word' id='word_1_377' title='bbox 595 4135 670 4202; x_wconf 81' lang='lat' dir='ltr'>sliie</span> <span class='ocrx_word' id='word_1_378' title='bbox 695 4134 921 4198; x_wconf 75' lang='lat' dir='ltr'>difficultatem</span> <span class='ocrx_word' id='word_1_379' title='bbox 943 4136 990 4198; x_wconf 90' lang='lat' dir='ltr'>le·</span> <span class='ocrx_word' id='word_1_380' title='bbox 1045 4134 1224 4212; x_wconf 72' lang='lat' dir='ltr'>lulianum,</span> <span class='ocrx_word' id='word_1_381' title='bbox 1247 4147 1282 4198; x_wconf 85' lang='lat' dir='ltr'>et</span> <span class='ocrx_word' id='word_1_382' title='bbox 1303 4133 1394 4200; x_wconf 86' lang='lat' dir='ltr'>binss</span> <span class='ocrx_word' id='word_1_383' title='bbox 1418 4138 1584 4206; x_wconf 68' lang='lat' dir='ltr'>Kalendas</span> <span class='ocrx_word' id='word_1_384' title='bbox 1606 4142 1672 4206; x_wconf 86' lang='lat' dir='ltr'>Isn.</span> <span class='ocrx_word' id='word_1_385' title='bbox 1693 4163 1793 4206; x_wconf 88' lang='lat' dir='ltr'>reno-</span> 
     </span>
    </p>
   </div>
   <div class='ocr_carea' id='block_1_7' title="bbox 246 4237 1936 4321">
    <p class='ocr_par' dir='ltr' id='par_1_9' title="bbox 246 4237 1936 4321">
     <span class='ocr_line' id='line_1_38' title="bbox 246 4237 1936 4321; baseline 0.004 -18"><span class='ocrx_word' id='word_1_386' title='bbox 246 4253 352 4303; x_wconf 82' lang='lat' dir='ltr'>vesset</span> <span class='ocrx_word' id='word_1_387' title='bbox 373 4240 448 4302; x_wconf 87' lang='lat' dir='ltr'>Dio.</span> <span class='ocrx_word' id='word_1_388' title='bbox 491 4239 599 4321; x_wconf 77' lang='lat' dir='ltr'>Atque</span> <span class='ocrx_word' id='word_1_389' title='bbox 623 4238 741 4302; x_wconf 79' lang='lat' dir='ltr'>horum</span> <span class='ocrx_word' id='word_1_390' title='bbox 773 4239 918 4302; x_wconf 87' lang='lat' dir='ltr'>omnium</span> <span class='ocrx_word' id='word_1_391' title='bbox 940 4252 989 4301; x_wconf 87' lang='lat' dir='ltr'>te·</span> <span class='ocrx_word' id='word_1_392' title='bbox 1045 4237 1133 4302; x_wconf 78' lang='lat' dir='ltr'>terit</span> <span class='ocrx_word' id='word_1_393' title='bbox 1155 4237 1363 4300; x_wconf 76' lang='lat' dir='ltr'>tribunatum.</span> <span class='ocrx_word' id='word_1_394' title='bbox 1408 4239 1498 4306; x_wconf 82' lang='lat' dir='ltr'>idem</span> <span class='ocrx_word' id='word_1_395' title='bbox 1529 4242 1639 4307; x_wconf 86' lang='lat' dir='ltr'>elucet</span> <span class='ocrx_word' id='word_1_396' title='bbox 1670 4265 1712 4308; x_wconf 81' lang='lat' dir='ltr'>ex</span> <span class='ocrx_word' id='word_1_397' title='bbox 1732 4257 1792 4310; x_wconf 85' lang='lat' dir='ltr'>n‘o·</span> <span class='ocrx_word' id='word_1_398' title='bbox 1929 4252 1936 4268; x_wconf 60' lang='lat'><strong>⁸</strong></span> 
     </span>
    </p>
   </div>
   <div class='ocr_carea' id='block_1_8' title="bbox 245 4339 1792 4714">
    <p class='ocr_par' dir='ltr' id='par_1_10' title="bbox 245 4339 1792 4431">
     <span class='ocr_line' id='line_1_39' title="bbox 245 4339 1792 4431; baseline 0.003 -28"><span class='ocrx_word' id='word_1_399' title='bbox 245 4342 395 4404; x_wconf 79' lang='lat' dir='ltr'>etimonie</span> <span class='ocrx_word' id='word_1_400' title='bbox 416 4339 445 4402; x_wconf 82' lang='lat' dir='ltr'>oi</span> <span class='ocrx_word' id='word_1_401' title='bbox 465 4352 692 4421; x_wconf 75' lang='lat' dir='ltr'>superessent,</span> <span class='ocrx_word' id='word_1_402' title='bbox 721 4339 809 4404; x_wconf 80' lang='lat' dir='ltr'>forte</span> <span class='ocrx_word' id='word_1_403' title='bbox 831 4341 988 4406; x_wconf 71' lang='lat' dir='ltr'>scirentne</span> <span class='ocrx_word' id='word_1_404' title='bbox 1046 4341 1106 4404; x_wconf 86' lang='lat' dir='ltr'>mis</span> <span class='ocrx_word' id='word_1_405' title='bbox 1135 4341 1321 4424; x_wconf 71' lang='lat' dir='ltr'>caligulae,</span> <span class='ocrx_word' id='word_1_406' title='bbox 1366 4341 1450 4421; x_wconf 77' lang='lat' dir='ltr'>Titi,</span> <span class='ocrx_word' id='word_1_407' title='bbox 1488 4345 1703 4431; x_wconf 83' lang='lat' dir='ltr'>eliorcmque.</span> <span class='ocrx_word' id='word_1_408' title='bbox 1746 4347 1792 4408; x_wconf 81' lang='lat' dir='ltr'>At</span> 
     </span>
    </p>

    <p class='ocr_par' dir='ltr' id='par_1_11' title="bbox 247 4441 1790 4530">
     <span class='ocr_line' id='line_1_40' title="bbox 247 4441 1790 4530; baseline 0.003 -24"><span class='ocrx_word' id='word_1_409' title='bbox 247 4441 365 4517; x_wconf 86' lang='lat' dir='ltr'>etism,</span> <span class='ocrx_word' id='word_1_410' title='bbox 387 4441 756 4524; x_wconf 75' lang='lat' dir='ltr'>quopeetoexpiicenrie</span> <span class='ocrx_word' id='word_1_411' title='bbox 772 4445 813 4505; x_wconf 86' lang='lat' dir='ltr'>sit</span> <span class='ocrx_word' id='word_1_412' title='bbox 829 4447 989 4510; x_wconf 84' lang='lat' dir='ltr'>entCom·</span> <span class='ocrx_word' id='word_1_413' title='bbox 1046 4444 1134 4506; x_wconf 87' lang='lat' dir='ltr'>enim</span> <span class='ocrx_word' id='word_1_414' title='bbox 1153 4445 1323 4530; x_wconf 80' lang='lat' dir='ltr'>prseclorn</span> <span class='ocrx_word' id='word_1_415' title='bbox 1351 4447 1433 4510; x_wconf 85' lang='lat' dir='ltr'>hsoc</span> <span class='ocrx_word' id='word_1_416' title='bbox 1457 4449 1497 4509; x_wconf 80' lang='lat' dir='ltr'>nd</span> <span class='ocrx_word' id='word_1_417' title='bbox 1519 4449 1690 4512; x_wconf 82' lang='lat' dir='ltr'>secsndsm</span> <span class='ocrx_word' id='word_1_418' title='bbox 1705 4448 1790 4512; x_wconf 81' lang='lat' dir='ltr'>herc</span> 
     </span>
    </p>

    <p class='ocr_par' dir='ltr' id='par_1_12' title="bbox 247 4541 1790 4714">
     <span class='ocr_line' id='line_1_41' title="bbox 247 4541 1790 4634; baseline 0.003 -28"><span class='ocrx_word' id='word_1_419' title='bbox 247 4543 337 4608; x_wconf 83' lang='lat' dir='ltr'>modi</span> <span class='ocrx_word' id='word_1_420' title='bbox 357 4541 432 4608; x_wconf 87' lang='lat' dir='ltr'>trib.</span> <span class='ocrx_word' id='word_1_421' title='bbox 456 4555 600 4627; x_wconf 71' lang='lat' dir='ltr'>potentes</span> <span class='ocrx_word' id='word_1_422' title='bbox 626 4545 762 4624; x_wconf 64' lang='lat' dir='ltr'>xvtu„</span> <span class='ocrx_word' id='word_1_423' title='bbox 788 4560 862 4626; x_wconf 80' lang='lat' dir='ltr'>ent,</span> <span class='ocrx_word' id='word_1_424' title='bbox 893 4569 987 4634; x_wconf 75' lang='lat' dir='ltr'>quom</span> <span class='ocrx_word' id='word_1_425' title='bbox 1046 4545 1227 4613; x_wconf 73' lang='lat' dir='ltr'>iterationis</span> <span class='ocrx_word' id='word_1_426' title='bbox 1248 4546 1342 4614; x_wconf 87' lang='lat' dir='ltr'>litem</span> <span class='ocrx_word' id='word_1_427' title='bbox 1363 4547 1506 4612; x_wconf 78' lang='lat' dir='ltr'>subsidio</span> <span class='ocrx_word' id='word_1_428' title='bbox 1526 4549 1717 4633; x_wconf 72' lang='lat' dir='ltr'>saepissime</span> <span class='ocrx_word' id='word_1_429' title='bbox 1732 4548 1790 4611; x_wconf 82' lang='lat' dir='ltr'>rie-</span> 
     </span>
     <span class='ocr_line' id='line_1_42' title="bbox 1441 4651 1587 4714; baseline 0.014 -4"><span class='ocrx_word' id='word_1_430' title='bbox 1441 4651 1587 4714; x_wconf 76' lang='lat' dir='ltr'>Eeee</span> 
     </span>
    </p>
   </div>
   <div class='ocr_carea' id='block_1_9' title="bbox 0 0 2249 5564">
    <p class='ocr_par' dir='ltr' id='par_1_13' title="bbox 0 0 2249 5564">
     <span class='ocr_line' id='line_1_43' title="bbox 0 0 2249 5564; baseline 0 0"><span class='ocrx_word' id='word_1_431' title='bbox 0 0 2249 5564; x_wconf 95' lang='lat' dir='ltr'> </span> 
     </span>
    </p>
   </div>
  </div>
 </body>
</html>
