4440 5550
492 496 496 509 .
543 361 1222 514 'CONSTANTINOPOLIQ
1255 419 1424 502 ROMA.
1719 445 1764 522 9⁵
1895 469 1898 478 .

224 609 289 672 trun
308 617 497 681 uterentur3
519 623 593 668 uam
609 601 884 669 auotoreZosiruo
902 602 969 683 pri·
1025 601 1167 668 delatum
1182 603 1320 688 respuit.
1366 603 1432 668 Sed
1453 601 1495 666 da
1512 605 1576 670 hou
1595 627 1767 690 argumen-

225 730 295 773 mus
321 709 382 772 init
403 709 593 784 Gratianus,
632 706 687 790 qui
712 703 873 787 pontificis
902 723 967 768 tna·
1023 718 1056 767 to
1079 726 1213 788 agemus
1238 708 1427 772 intractato
1455 706 1496 771 de
1521 708 1678 776 Pontifioe
1702 735 1784 778 ma...

224 813 301 876 timi
322 831 443 876 nomeu
473 824 508 874 et
530 809 675 874 habiturn
698 805 762 870 sibi
788 823 849 889 pro
872 821 965 868 more
1023 807 1122 872 ximo.

783 1085 788 1094 ’
874 1122 1124 1184 unumst.

494 1315 497 1324 '
525 1321 627 1384 Aurei
650 1329 685 1382 et
704 1315 853 1402 argentei
869 1357 1349 1380 ..........
1392 1319 1435 1386 R.
1561 1339 1565 1380 :

520 1422 625 1486 Aeaei
640 1441 725 1487 max.
744 1419 819 1482 mod
823 1457 1347 1483 ...........
1388 1423 1458 1488 RB.

523 1523 629 1586 Aeaei
645 1525 685 1590 11.
702 1535 735 1586 et
751 1523 804 1584 111.
827 1519 954 1630 formae
1019 1559 1350 1586 .......
1394 1525 1432 1590 Ο.

611 1833 1167 1900 CONSTANTINOPOLIS.
1208 1835 1366 1898 nottA.

284 2033 474 2098 Oeuurrtrnt
494 2030 527 2093 in
550 2029 672 2094 moseia
691 2029 840 2092 omnibus
865 2028 966 2106 numi,
1025 2038 1061 2090 ut
1077 2046 1188 2091 rerum
1211 2030 1373 2108 omnium,
1394 2029 1439 2096 its
1462 2033 1557 2098 etiam
1575 2055 1766 2123 magnorum

222 2137 278 2220 qui
293 2155 352 2201 teu
368 2136 675 2213 Constantinopolis,
699 2149 757 2194 seu
775 2136 893 2195 Romae
910 2150 967 2193 no·
1025 2142 1059 2190 ot
1074 2128 1251 2192 illustrium
1273 2123 1438 2194 nominum
1463 2136 1619 2218 quaedam
1644 2154 1694 2203 est
1719 2164 1767 2205 sn.

222 2237 309 2299 mine
325 2233 564 2307 inscribuntur,
587 2245 621 2294 et
638 2231 880 2316 quiperitorutu
900 2251 967 2294 out·
1024 2231 1131 2294 tietaa.
1172 2231 1300 2294 Eodem
1325 2247 1496 2318 correptus
1529 2237 1660 2304 fastidio
1684 2241 1768 2305 Con·

221 2336 313 2398 nium
328 2333 452 2418 judicio
467 2333 647 2414 imperante
660 2332 890 2409 Constantino,
912 2347 966 2396 aut
1024 2333 1198 2407 stautinus,
1237 2333 1424 2400 numiuter
1451 2337 1606 2402 maximus
1629 2341 1767 2409 virtutes
1879 2351 1884 2360 '

223 2435 628 2520 iiliissignatioreduntur‚
650 2433 767 2518 quibus
781 2433 864 2498 odeo
880 2455 967 2498 uom-
987 2457 1000 2516 j
1023 2434 1158 2516 iugenio
1188 2447 1276 2496 esset
1301 2431 1342 2494 ad
1374 2455 1429 2497 rea
1449 2457 1568 2518 novas,
1596 2453 1630 2502 et
1653 2459 1768 2522 paran-

224 2537 444 2604 memorandis
466 2537 576 2602 nullus
597 2534 677 2604 aliut
695 2537 788 2600 loeus
805 2536 892 2604 visus
909 2555 965 2620 op·
1022 2533 1097 2598 sium
1118 2533 1259 2597 nominis
1276 2533 1553 2602 immortalitatem
1576 2542 1766 2626 praecipite,

221 2641 402 2728 portunior.
1023 2655 1095 2700 oum
1110 2635 1249 2717 primum
1271 2655 1389 2700 everso
1405 2639 1533 2705 Licinio
1555 2662 1670 2705 rerum
1683 2629 1767 2712 unfus

1021 2738 1143 2824 potitut
1172 2747 1240 2814 θεῖ,
1278 2759 1382 2804 notas
1417 2743 1542 2808 Romae
1576 2729 1767 2810 condendae

355 2861 812 2942 ‘CONSTANTINOPOIAE
1022 2837 1141 2920 adjecit
1163 2837 1315 2902 animum.
1367 2844 1463 2905 Enim
1485 2865 1627 2911 verone
1649 2848 1675 2910 ἰί
1698 2850 1768 2932 qut·

1023 2941 1117 3017 dem,
1140 2941 1197 3026 qui
1214 2961 1327 3004 omues
1349 2945 1423 3025 ¹¹tejas
1440 2967 1494 3009 rus
1512 2961 1620 3030 gustas
1638 2950 1671 3011 tn
1691 2971 1767 3016 noe-

282 3046 429 3112 'l'sudam
446 3048 543 3110 etiam
558 3051 715 3122 Romam,
737 3045 852 3110 urbem
874 3043 964 3108 illam
1021 3045 1089 3106 ium
1113 3044 1321 3121 extulerunt,
1351 3045 1515 3121 habuere,
1544 3069 1611 3132 quo
1632 3065 1768 3136 possent

218 3161 403 3227 aeternam,
449 3149 548 3233 ionga
588 3150 795 3212 saeculorum
841 3149 965 3232 patieu-
1022 3146 1193 3211 eonsilium
1224 3146 1311 3208 istud
1345 3150 1526 3212 eommunia
1561 3149 1641 3214 boni
1670 3172 1766 3218 eausa

218 3251 264 3314 tia
292 3252 379 3314 iuter
409 3261 459 3311 tot
488 3251 640 3314 fortunae
670 3251 864 3332 pierumque
886 3270 963 3332 pro·
1020 3262 1206 3331 susceptum
1238 3247 1300 3312 sibi
1337 3241 1548 3329 persuadere.
1598 3252 1678 3314 Cum
1709 3252 1767 3318 diu

176 3367 180 3373 ·
218 3369 335 3433 sperae
356 3347 506 3412 uinuaed
532 3350 620 3412 orbis
638 3351 811 3432 imparium
834 3353 962 3414 enixam
1013 3347 1140 3434 'anceps
1156 3363 1259 3425 esset,
1283 3349 1490 3430 inByaeutio
1511 3349 1657 3416 adhaesit
1675 3354 1766 3417 deni·

218 3450 448 3533 suunt‘uoepit
470 3471 592 3532 urgere
615 3451 734 3524 iatum,
757 3465 892 3535 atquae
914 3453 962 3514 in·
1020 3474 1103 3536 que,
1134 3471 1229 3534 quam
1258 3451 1316 3512 ille
1348 3449 1463 3513 urbem
1494 3453 1661 3520 immensis
1692 3455 1767 3519 sub·

217 3550 881 3638 deaprincipiouullumseupopulunu,
904 3573 963 3616 teu
1021 3551 1271 3628 structiouibus,
1302 3555 1566 3636 ornamentisque
1604 3577 1678 3622 uum
1707 3578 1766 3622 no.

217 3675 335 3740 regem
351 3669 523 3720 externum
539 3654 703 3721 aemulum
719 3651 888 3730 sustinuit,
909 3675 963 3716 ur·
1021 3656 1085 3732 nis,
1107 3668 1175 3714 tum
1192 3654 1315 3718 veteris
1330 3653 1454 3715 Romae
1471 3655 1583 3737 spoliis
1603 3659 1649 3720 sio
1669 3655 1765 3723 breti

216 3757 293 3822 bem
317 3757 476 3824 aemulam
497 3758 582 3820 intra
602 3777 679 3820 suos
698 3757 800 3839 ipsius
820 3755 902 3818 fines
921 3757 963 3817 si·
1018 3753 1219 3830 nobilitavit,
1242 3767 1295 3830 ut,
1317 3753 1604 3837 hanunadempta,
1626 3757 1764 3822 aliarum

215 3861 285 3926 mul
321 3861 540 3945 designatum,
577 3859 671 3923 simul
711 3855 962 3942 magnificentia,
1018 3855 1271 3944 perimperiuru
1293 3854 1441 3930 urbium,
1470 3856 1763 3940 quibusintuendis

216 3963 350 4048 opibus,
380 3963 602 4046 magnitudine
628 3961 688 4024 sibi
714 3981 818 4047 paene
845 3979 961 4042 aequa·
1019 3960 1147 4024 saecula
1175 3957 1270 4018 suere
1295 3957 1459 4039 impensu,
1489 3959 1578 4020 nulla
1602 3959 1764 4026 illustrior

199 4075 280 4130 'tam
315 4068 495 4150 conspexit.
553 4069 619 4128 Iam
656 4051 897 4137 Diocletianus,
927 4071 961 4122 et
1018 4057 1344 4144 migniiiueutiorqua
1377 4058 1441 4141 jara
1470 4073 1538 4122 tum
1574 4061 1763 4134 haberetur.
1791 4089 1796 4112 ι

215 4190 296 4256 quus
330 4169 384 4232 hio
417 4167 480 4230 sibi
508 4165 644 4230 adscivit
677 4167 851 4248 conlegas,
881 4181 958 4226 raro
1016 4163 1174 4227 Dedicata
1190 4172 1241 4225 est
1259 4160 1313 4224 die
1331 4163 1386 4224 11.
1407 4161 1485 4244 niuji
1501 4165 1540 4232 V.
1561 4165 1597 4228 G.
1622 4167 1701 4232 1083
1721 4169 1760 4232 P.

214 4272 329 4336 adens
352 4271 387 4332 iu
409 4268 512 4346 urbe,
550 4283 584 4332 et
608 4286 833 4353 quemcunque
863 4265 958 4328 eliasu
1015 4269 1056 4330 tt„
1075 4267 1156 4342 330,
1193 4278 1227 4328 et
1250 4284 1292 4326 ne
1321 4263 1472 4349 ambigua
1504 4278 1591 4330 assat
1619 4271 1761 4351 posteris

215 4389 336 4437 terrum
365 4371 542 4455 metropoli
567 4371 738 4454 praeferre
769 4369 848 4444 visi,
889 4369 957 4431 aive
1015 4371 1094 4432 tanti
1111 4366 1417 4448 moliminisgloria,
1437 4367 1478 4432 de
1495 4369 1762 4435 conditoreCou·

214 4472 303 4560 quod
328 4473 411 4536 foria
436 4473 527 4547 nati,
550 4487 584 4536 et
609 4473 689 4535 furis
716 4471 756 4532 ad
782 4471 957 4553 imperium
1016 4469 1428 4557 stantinopolissppellata.
1622 4473 1624 4478 '

212 4573 319 4646 vooati
354 4573 461 4638 omnia
497 4573 611 4638 alienis
651 4571 836 4650 benefieiis,
874 4569 957 4634 nihil

212 4677 362 4766 priuatim
395 4677 521 4742 Romae
558 4675 723 4756 debuere,
756 4661 826 4742 site
856 4669 954 4756 quoi,
1290 4715 1310 4756 ,
1372 4674 1393 4728 ⁴.
1453 4711 1474 4755 ,
