4404 5564
489 516 548 564 xtr
960 447 1216 570 NOT‘ITIA
1239 486 1563 566 attentata

489 681 565 738 ster
596 661 760 738 consiliis
788 656 897 734 liberi
921 659 1076 735 Beronis
1094 659 1140 734 de
1166 656 1374 746 bucella,
1398 655 1506 734 amici
1525 654 1601 742 sui,
1627 652 1733 754 cujus
1763 650 1859 726 infra
1884 649 2049 724 mentio

489 797 660 876 facienda
683 798 773 886 erit,
800 815 888 870 usus
913 811 1003 868 est·

587 931 753 1008 Tandem
772 921 1396 1024 abAn.1292usqueadAn.1798,
1423 925 1463 1002 in
1480 923 1599 1004 lucem
1616 921 1716 996 edita
1735 907 1792 996 est
1810 937 1898 995 octo
1918 921 2035 994 rolu-

487 1065 646 1142 minibus
663 1063 929 1164 ccmprehensa
944 1060 1163 1136 Doctrina
1179 1086 1405 1136 numurum
1425 1060 1481 1157 θ),
1507 1083 1580 1158 qua
1596 1056 1792 1132 condenda
1814 1071 1943 1131 auctor
1956 1081 2037 1129 no-

486 1216 582 1288 ster,
602 1215 769 1298 utsupra
789 1197 1004 1285 retulimus,
1028 1199 1100 1294 jam
1118 1187 1285 1292 pluribus
1305 1195 1439 1270 abhinc
1456 1193 1561 1270 annis
1585 1210 1788 1291 occupatus
1812 1189 1944 1266 luerat.
1981 1193 2034 1264 ln
2194 1173 2195 1200 ³

484 1335 605 1409 numis
620 1333 822 1423 anecdotis,
840 1357 951 1432 porro
970 1330 1009 1402 in
1028 1328 1170 1430 sylloge
1182 1345 1220 1400 et
1239 1327 1277 1400 in
1289 1329 1457 1428 catalogo
1470 1326 1569 1406 edito
1582 1325 1724 1401 Ecltbel
1735 1343 1896 1426 systema
1915 1351 2029 1402 suum

485 1468 717 1568 quidemjam
739 1467 967 1556 exhibuerat,
987 1482 1044 1540 ast
1063 1462 1229 1537 nondum
1243 1487 1387 1538 omnem
1408 1490 1485 1538 rem
1499 1461 1699 1538 numeriam
1711 1461 1759 1537 ad
1778 1461 1851 1536 hnc
1863 1476 2031 1564 systema

483 1605 699 1704 redegerat3
732 1599 832 1700 quod
854 1625 948 1698 opus
971 1597 1132 1697 ingentis
1155 1595 1226 1669 fuit
1250 1596 1396 1672 laboris.
1426 1597 1643 1698 Complures
1666 1595 1815 1697 quidem
1835 1594 2029 1670 Archaeo-

483 1739 560 1837 logi
579 1757 687 1812 antea
708 1740 780 1838 jam
802 1737 847 1809 de
872 1733 1068 1809 condenda
1088 1731 1427 1830 historia‘gencrali
1441 1759 1636 1806 numerum
1658 1731 1930 1831 cogitaverant,
1955 1727 2026 1802 sed

450 1905 453 1918 ·
483 1875 539 1950 rei
565 1872 784 1950 difficultate
811 1867 995 1945 absterriti
1018 1865 1098 1938 fere
1124 1891 1145 1940 a
1172 1865 1247 1942 suis
1271 1865 1435 1940 consiliis
1458 1865 1684 1942 destiterant.
1722 1864 1897 1940 Rascbe
1917 1862 2022 1938 solus

482 2035 560 2083 rem
585 2006 631 2081 ad
652 2005 762 2080 linem
784 2000 951 2102 perduxit
959 2028 971 2095 3
997 2023 1121 2104 verum
1142 1999 1223 2098 ejus
1250 2024 1344 2100 opus
1357 2048 1370 2089 ,
1399 1997 1641 2099 infatigabilis
1664 1999 1866 2100 patientiae
1895 1999 2032 2096 magis,

483 2167 592 2240 quam
612 2137 815 2213 solertioris
833 2133 1035 2208 industriae
1059 2150 1356 2224 monumentum,
1383 2131 1536 2207 formam
1562 2133 1671 2208 lerici
1693 2133 1829 2224 habet,
1855 2131 2028 2232 adeoque

481 2273 573 2348 nihil
597 2272 744 2348 confert
776 2270 824 2346 ad
854 2285 1051 2368 praecepta
1081 2266 1259 2344 scientiae
1286 2267 1563 2344 numismaticae
1593 2268 1810 2364 statuenda,
1834 2285 2029 2369 praeterea

481 2406 668 2482 erroribus
691 2423 729 2481 ct
751 2403 853 2479 tricis
873 2401 1052 2476 refertum
1074 2416 1142 2474 est,

579 2543 671 2614 Cum
689 2535 947 2638 philosophica
966 2535 1112 2610 indoles
1133 2534 1262 2608 cadem
1278 2533 1420 2609 ratione
1441 2535 1637 2634 procedat,
1665 2538 1885 2638 cuicumque
1904 2539 2025 2613 scien·

481 2676 553 2750 tiae
574 2672 808 2758 adhibeatur,
833 2668 975 2746 Ecltbel
995 2686 1122 2743 noster
1147 2667 1277 2743 eodem
1303 2669 1433 2759 modo,
1459 2695 1536 2769 quo
1550 2671 1714 2746 Linneus
1734 2689 1894 2771 systema
1914 2690 2023 2746 natu·

481 2835 565 2896 rae,
590 2803 755 2882 condidit
778 2803 950 2906 generale
974 2827 1078 2878 suum
1102 2827 1295 2879 numorum
1321 2819 1499 2902 systema,
1527 2806 1632 2906 cujus
1654 2805 1830 2906 analysim
1853 2809 2024 2907 superius

480 2945 550 3039 jam
570 2940 812 3040 exposuimus.
839 2941 983 3038 Nempe
1001 2937 1042 3010 in
1062 2937 1181 3037 capite
1198 2937 1322 3036 operis
1341 2937 1654 3039 singulariumque
1672 2940 1842 3018 classium
1868 2941 2024 3042 praemi·

480 3077 528 3148 sit
552 3074 827 3176 propositiones
851 3071 1101 3160 universales,
1127 3097 1223 3168 quae
1251 3072 1398 3170 regulas
1428 3072 1670 3172 principales,
1696 3075 2024 3163 nomenclaturam,

480 3211 822 3285 determinationem
842 3207 1092 3302 characterum
1113 3204 1388 3305 primariorum,
1412 3206 1637 3285 literaturam
1659 3229 1697 3284 et
1717 3211 1880 3286 criticam
1902 3210 2022 3285 scien·

479 3347 552 3420 riae
581 3342 856 3420 numismaticac
878 3341 1172 3442 complectuntur
1181 3329 1202 3431 ,'
1218 3365 1263 3420 ac
1285 3341 1556 3438 quodammodo
1579 3341 1812 3446 philosophia
1832 3346 2026 3421 numisma·

480 3483 554 3555 tica
576 3479 753 3581 appellari
774 3495 885 3578 atque
906 3475 1164 3576 philosophiae
1187 3475 1383 3552 botanicae
1405 3478 1539 3552 Linnei
1562 3481 1765 3579 comparari
1785 3498 1950 3582 possunt.

576 3613 717 3690 Eclthel
736 3613 776 3686 in
794 3629 955 3712 systema
978 3631 1084 3684 suum
1105 3635 1183 3684 non
1206 3611 1396 3688 universos
1415 3639 1566 3702 numos,
1593 3631 1777 3714 quotquot
1795 3641 1921 3696 eorum
1943 3616 2021 3690 noti

480 3750 575 3839 siut,
602 3750 668 3826 scd
690 3773 754 3822 eos
774 3764 935 3831 tantum,
960 3746 1026 3843 qui
1048 3745 1168 3820 notari
1189 3765 1420 3834 mereantur,
1445 3749 1598 3848 recepit.
1624 3748 1740 3823 Simul
1762 3749 2020 3852 indicemcpe·

480 3913 559 3962 rum
582 3884 740 3986 adjecit,
766 3883 803 3956 in
827 3879 961 3978 quihus
980 3878 1113 3979 singuli
1137 3880 1240 3952 numi
1260 3881 1397 3986 optime
1423 3884 1689 3982 repraesentati
1712 3901 1750 3960 rt
1771 3885 1944 3987 descripti
1966 3913 2020 3960 re·

481 4021 694 4118 pariuntur3
721 4016 810 4116 ipsis
831 4039 921 4090 vero
945 4013 1255 4115 descriptionibus
1274 4017 1348 4092 auis
1365 4015 1464 4090 haud
1483 4044 1569 4092 raro
1584 4019 1791 4096 uberiorem
1807 4019 2018 4122 explicatio·

482 4180 566 4268 nem
579 4153 765 4240 adnexuit,
791 4151 848 4224 vel
867 4151 1115 4254 geographiae
1135 4170 1174 4226 et
1192 4150 1467 4252 chronologiae,
1491 4152 1550 4226 vel
1564 4155 1813 4256 mythologice
1831 4155 2019 4232 historiae·

484 4315 570 4390 que,
591 4287 707 4364 literis
725 4304 763 4361 et
779 4287 918 4362 artibus
938 4312 1032 4362 nova
1050 4287 1189 4362 lumina
1205 4287 1444 4365 adferentem.
1465 4290 1768 4392 Unumquodque
1780 4307 1867 4368 octo
1886 4290 2017 4366 docmi-

481 4585 552 4661 ope
576 4559 808 4660 investigatio
829 4561 1058 4636 materiarum
1081 4585 1305 4662 magnopere
1323 4561 1531 4637 laeilitatur.

517 4863 548 4934 a)
568 4860 709 4922 Doctrina
724 4885 879 4926 numerum
895 4876 1033 4925 veterum.
1053 4863 1249 4926 vindobonae
1267 4877 1376 4942 1792-
1387 4877 1464 4936 ttct.
1485 4867 1600 4928 Volum-
1614 4867 1692 4930 v111.
1706 4871 1735 4930 in
1748 4835 1801 4936 lto,
