4440 5550
256 557 267 574 ,
488 490 557 554 130
700 456 705 469 ’
979 444 1435 560 ¹trutattttsu.

484 649 581 736 phire
605 643 790 732 praeceptis
815 645 946 716 hausta,
983 651 1052 703 tum
1075 657 1157 702 nero
1179 657 1228 700 sn·
1286 629 1402 695 deceat
1416 629 1665 717 philosophum,
1687 632 1825 699 aliorum
1847 629 1944 700 aliter
1956 641 2037 702 aen-⁸

483 753 571 814 ribus
595 748 744 812 omuibus
768 745 955 828 literisque,
990 750 1024 803 ct
1041 739 1228 823 cumprimis
1285 733 1433 798 tiontium
1459 735 1638 800 doctrinam
1664 736 1826 820 patienter
1845 737 1956 816 ferre,
1986 757 2028 802 ars

486 853 621 913 Graecis
650 847 821 928 insigniter
859 843 1038 918 eruditum,
1077 854 1110 904 et
1141 839 1229 926 quod
1284 835 1343 898 itte
1366 835 1512 918 germani
1534 834 1725 921 philosophi
1740 850 1850 921 partes
1867 839 2028 922 implerit,

485 952 626 1014 maxime
656 947 804 1010 mirabile
833 945 936 1010 risum
973 943 1008 1003 in
1046 941 1135 1017 viro,
1173 940 1229 1023 qui
1285 955 1359 998 oum
1375 937 1633 1020 Epicureorum,
1662 937 2028 1022 scepticorumquetlie·

486 1073 616 1115 mnam
633 1063 811 1114 anteactam
828 1047 925 1110 ritant
948 1035 981 1105 in
998 1041 1227 1127 philosophiae
1285 1049 1349 1099 tata
1365 1036 1476 1120 iniquo
1498 1040 1605 1100 auimo
1618 1037 1714 1113 tulit,
1738 1053 1772 1100 et
1792 1037 1929 1103 aboiero
1942 1039 2028 1103 adis·

488 1153 555 1213 orio
584 1151 760 1233 transegit,
797 1159 934 1230 repente
966 1143 1007 1205 sd
1037 1163 1124 1204 arms
1151 1146 1229 1204 cro·
1284 1135 1436 1200 horarii?
1465 1159 1527 1222 qua
1544 1140 1587 1199 -in
1607 1157 1645 1200 re
1670 1137 1774 1203 multo
1791 1161 1868 1203 sane
1889 1139 2028 1204 inferior

486 1269 593 1317 catum
622 1252 807 1314 rudimenta
843 1245 924 1307 belii
957 1243 1043 1304 iuter
1078 1239 1229 1304 victoriae
1285 1237 1413 1301 habitus
1431 1253 1481 1302 eet
1496 1240 1542 1304 M.
1554 1238 1708 1317 Aurelio,
1730 1241 1786 1326 qui
1810 1241 1931 1306 stoicus
1954 1241 2026 1326 ipso

487 1353 688 1436 occoepisae,
712 1353 755 1414 At
773 1347 912 1412 eundem
930 1345 1031 1406 tuisse
1049 1341 1176 1424 gloriae
1192 1359 1230 1402 ac
1278 1327 1467 1422 'Epicureos
1493 1354 1602 1404 tamen
1625 1339 1761 1418 iisdem,
1798 1342 1915 1428 quibus
1940 1361 2027 1420 suos,

486 1457 655 1540 popuiaris
680 1469 776 1516 auras
797 1450 870 1531 plus
887 1467 980 1530 quam
999 1441 1230 1527 philosophum
1285 1441 1452 1503 beneflciis
1471 1441 1591 1503 adfecit
1606 1445 1647 1527 ⁸).
1689 1442 1876 1526 Descirisss
1900 1441 2027 1506 actri-

489 1557 642 1632 deceret,
662 1565 892 1638 appetentem,
923 1559 1113 1630 peccantem
1130 1544 1230 1604 inter·
1286 1542 1395 1604 stianit
1418 1542 1518 1605 sacris
1543 1542 1672 1604 crimini
1698 1539 1823 1620 dutum,
1862 1544 1904 1607 ob
1931 1563 2027 1630 quem

488 1655 566 1717 dum
597 1655 630 1714 in
659 1653 700 1716 iia
730 1655 832 1736 ipris,
867 1668 948 1729 quae
978 1647 1011 1707 in
1041 1639 1229 1707 Constantio
1286 1641 1470 1707 oausam'ei
1495 1648 1673 1724 Aposratae
1698 1665 1818 1707 nomeu
1841 1647 2027 1728 relat-pro·

487 1757 691 1838 culpaverat,
729 1757 957 1832 nonnunquam
992 1747 1026 1806 in
1057 1743 1228 1808 vindictam
1286 1743 1393 1830 prium
1411 1743 1545 1806 inditum
1565 1745 1609 1825 ⁴¹).
1654 1745 1737 1807 Setis
1757 1759 1898 1822 constet,
1920 1747 2026 1812 adhuc

435 1861 438 1870 '
486 1879 644 1941 pronum,
669 1855 847 1937 scriptores
872 1847 1065 1932 peritiipent,
1094 1863 1230 1909 nonve·
1285 1862 1424 1927 puerum
1444 1844 1692 1922 nonnullorum,
1725 1845 2027 1930 quibusiitorsrum

486 1979 524 2020 ra
540 1957 669 2021 novisse
689 1956 853 2036 imperare
865 1949 1019 2029 iingme,
1042 1961 1075 2009 ct
1090 1945 1229 2034 abstine·
1286 1962 1381 2008 cauea
1411 1944 1598 2010 familiarius
1631 1948 1799 2024 utebatur,
1842 1951 2026 2036 praeceptis

484 2081 522 2122 re
546 2057 661 2122 amaris
686 2054 806 2117 salibus
833 2041 1037 2133 cocleisque,
1064 2049 1134 2131 ipsa
1157 2049 1227 2131 ejus
1286 2043 1327 2109 ad
1347 2060 1456 2109 vetera
1475 2047 1619 2110 instituta
1636 2048 1734 2112 fuisse
1751 2049 1921 2119 imbutum.
1963 2060 2028 2117 Att-

486 2163 606 2244 scripta
632 2156 763 2219 adfatim
792 2166 960 2214 testantur.
1011 2150 1166 2212 Levitatis
1188 2169 1229 2213 sc
1287 2146 1395 2209 serint
1412 2148 1574 2230 ingestum
1592 2148 1942 2238 odiumepiscoporum
1957 2152 2027 2236 ejus

484 2262 673 2343 impotentis
701 2255 798 2318 animi
825 2263 1051 2337 argumentum
1088 2250 1226 2333 insigne,
1287 2249 1401 2311 aetatis
1422 2249 1602 2323 dissensus,
1632 2249 1756 2336 jurgia,
1787 2267 1819 2316 ct
1843 2254 2027 2338 aliquorum
2127 2255 2131 2262 ’

485 2359 573 2446 quod
590 2371 785 2444 provocatus
796 2351 1063 2417 Antiochensium
1083 2351 1228 2414 dicteriis
1285 2368 1352 2411 non
1366 2349 1501 2414 ferenda
1512 2349 1655 2424 ambitio,
1674 2363 1741 2414 tum
1754 2371 1832 2414 roro
1847 2369 2028 2419 conventas

484 2477 516 2524 et
554 2461 721 2525 traductus
756 2456 924 2530 acerbius,
970 2453 1057 2533 quod
1095 2449 1227 2512 barbam
1285 2449 1318 2510 in
1337 2451 1419 2512 iocis
1437 2449 2029 2542 disjunctissimisusqueeofrequeu·

485 2567 607 2639 aleret,
631 2575 664 2624 et
686 2559 868 2624 austeriore
886 2553 969 2616 ritae
992 2553 1229 2614 consuetudins
1285 2551 1360 2626 tati,
1381 2568 1418 2614 ut
1434 2551 1467 2613 iu
1489 2539 1609 2636 ‘eorum
1627 2567 1825 2642 commestus
1852 2575 1951 2642 saepo
1975 2578 2031 2623 re·

483 2678 643 2736 uteretur,
665 2682 738 2724 cum
754 2671 966 2721 contemnere
977 2665 1130 2734 angustae
1141 2672 1231 2714 uten-
1285 2651 1395 2716 hioula
1417 2653 1565 2739 pubiios,
1594 2666 1629 2715 et
1654 2654 1831 2732 inrietiou,
1854 2677 1928 2720 uam
1949 2659 2028 2742 pub·

484 2768 524 2828 tis
555 2763 671 2846 vulgus
704 2769 890 2840 oporteret,
918 2755 1068 2837 injuriam
1100 2751 1226 2833 objecta
1283 2753 1348 2816 tice
1380 2754 1641 2837 praebebantur,
1671 2757 1745 2818 sere
1778 2745 1938 2824 aerarium
1972 2761 2028 2824 de-

484 2865 632 2928 orntione
659 2859 849 2936 vindicarit,
873 2877 965 2939 quam
991 2852 1240 2938 Mseenurpore,
1284 2851 1418 2930 ficeret,
1449 2871 1513 2918 tarn
1541 2879 1616 2922 raro
1642 2877 1682 2921 ex
1711 2858 1762 2919 his
1786 2858 1957 2943 colloquiis
1979 2882 2028 2924 se·

486 2966 757 3038 osorembarbae,
779 2958 962 3040 inscripsit,
983 2957 1109 3040 inque,
1131 2975 1227 3038 quem
1286 2969 1358 3016 outa
1387 2977 1484 3039 pace,
1521 2971 1555 3020 nt
1587 2959 1783 3044 piarumque
1819 2959 1915 3024 artam
1954 2963 2028 3026 033,

480 3069 507 3130 is
525 3068 623 3128 multa
650 3065 758 3145 inepta
783 3075 878 3144 atque
905 3061 1034 3120 inficeta
1056 3053 1225 3132 effutierit,
1285 3056 1546 3124 intenderentur.
1588 3061 1633 3123 Et
1657 3061 1807 3142 quoniam
1834 3063 1947 3128 herum
1974 3086 2028 3126 aa·

481 3170 514 3230 in
534 3167 708 3252 propatulo
730 3177 797 3239 est,
829 3161 920 3242 cujus
939 3156 1125 3240 exemplum
1148 3154 1228 3219 lem·
1285 3173 1393 3222 ctorcs
1413 3157 1610 3240 synodorum
1634 3161 1696 3244 ipsi
1715 3163 2026 3243 porieaimamfuere

482 3273 640 3335 nitentum
668 3265 750 3329 infra
787 3264 821 3324 in
860 3261 965 3324 numia
994 3258 1088 3325 dabo.
1145 3257 1227 3323 Cum
1285 3260 1513 3324 Constantinus
1537 3265 1603 3339 M.,
1633 3281 1671 3326 ao
1694 3261 1781 3328 iilius
1810 3265 2025 3338 Constantius.

516 3594 546 3664 a)
566 3587 644 3650 Vide
661 3588 730 3652 Vol.
748 3585 813 3648 vlt.
832 3603 899 3662 pag.
919 3585 964 3647 66.

521 3723 550 3791 a)
572 3705 741 3783 Αποςατης
767 3715 792 3772 is
813 3713 931 3782 dicitur,
951 3711 1002 3788 qui
1017 3721 1127 3789 partes,
1145 3729 1219 3786 ques
1233 3721 1320 3768 entes
1332 3721 1448 3770 secutus
1460 3721 1512 3780 est,
1532 3721 1583 3768 aut
1593 3709 1765 3782 institutum,
1786 3713 1867 3790 quod
1875 3715 2025 3794 professus

568 3818 630 3878 est,
651 3817 760 3864 mutata
775 3803 923 3864 voluntate
938 3801 1057 3861 deserit.
1076 3802 1102 3856 A
1117 3800 1200 3859 vario
1213 3818 1283 3876 ergo
1299 3799 1449 3858 hominurn
1464 3800 1709 3876 judiciopendet,
1730 3815 1826 3860 utrum
1837 3804 1938 3864 hares
1956 3825 2025 3864 cau·

568 3916 600 3956 ss
614 3897 715 3973 priore
732 3893 857 3954 defectio
873 3891 962 3950 lande
979 3891 1068 3967 digna
1085 3889 1137 3958 sit,
1158 3909 1195 3946 an
1206 3889 1361 3966 vituperio.
1382 3879 1662 3970 liomiuisEpicurei
1675 3890 1713 3948 ad
1725 3891 1838 3950 Stoicos
1853 3883 2025 3961 einosuo'sar

565 3983 759 4060 probaverint
769 3983 869 4050 Stoici,
886 3979 1121 4057 vituperaverint
1131 3978 1279 4056 Epicurei.
1299 3978 1380 4036 Fecit
1396 3977 1484 4053 igitur
1501 3977 1634 4055 ignorata
1652 3979 1902 4040 rocabuIiGraeci
1916 3981 2025 4060 signiti-

486 4077 509 4149 ’Μ
572 4071 664 4138 catio,
684 4083 716 4127 ut
728 4069 882 4147 plerique,
902 4068 953 4143 qui
972 4071 1002 4124 in
1016 4065 1190 4126 admirando
1203 4067 1316 4124 Iuliano
1333 4065 1454 4122 modum
1477 4089 1643 4135 excessere,
1663 4069 1861 4128 irascerentur
1877 4071 1952 4138 illis,
1973 4074 2025 4150 qui

566 4162 732 4234 Apostatae
746 4159 833 4215 illum
849 4157 984 4223 nornine,
1004 4167 1144 4232 tanquam
1165 4155 1395 4221 contumelioso,
1415 4155 1594 4234 distinguere
1610 4169 1717 4214 amant.
1743 4159 1803 4217 ilos
1825 4159 2027 4220 intervoltai·

567 4251 647 4307 rius:
666 4249 695 4304 Il
708 4253 767 4322 n’y
782 4265 801 4302 a
814 4263 872 4320 pas
887 4263 997 4301 encore
1013 4245 1163 4318 iongtems
1177 4253 1268 4318 qu'on
1286 4263 1324 4302 ne
1338 4247 1427 4301 citoit
1441 4265 1498 4302 son
1516 4267 1586 4304 nom
1604 4255 1728 4321 qu'avec
1746 4247 1898 4326 t’e'pttte'te
1915 4250 2027 4326 d'Apo·

545 4341 639 4406 Istat,
660 4345 688 4392 et
702 4343 774 4393 e’est
791 4331 927 4410 peutitre
952 4333 979 4390 le
1005 4334 1078 4409 plus
1096 4333 1199 4410 grand
1216 4333 1307 4413 effert
1323 4333 1361 4390 ds
1378 4333 1410 4388 la
1432 4339 1556 4404 raison,
1576 4345 1669 4411 qu'ou
1687 4342 1731 4394 ait
1745 4343 1828 4412 enfin
1844 4339 1928 4398 cesse
1940 4341 1978 4400 de
1998 4345 2027 4398 le

567 4427 709 4502 de'signer
727 4424 764 4480 de
778 4441 810 4479 ce
827 4439 947 4478 surnom
958 4419 1115 4494 injurieux.
1136 4423 1232 4494 (Suite
1249 4425 1300 4482 des
1313 4421 1463 4498 Me'lauges
1484 4423 1521 4482 de
1537 4426 1697 4483 litterature
1713 4439 1767 4486 etc.
1795 4429 1886 4486 Tome
1898 4431 1948 4492 tv.
1966 4429 2023 4488 ch.

565 4521 624 4591 63.)
646 4517 757 4576 Contra
776 4529 837 4570 nou
856 4529 974 4570 vererer·
989 4509 1176 4570 Christianus
1197 4515 1269 4592 epo,
1288 4523 1416 4590 spectata
1441 4515 1503 4588 ejus
1520 4515 1600 4573 noeis
1618 4525 1723 4573 ustura
1747 4516 1844 4593 ipsum
1858 4519 2027 4578 Constanti·

565 4628 637 4666 num
663 4605 702 4663 tt.
729 4623 836 4666 uocare
861 4601 1049 4678 apostatam,
1082 4602 1197 4682 quippe
1225 4603 1278 4680 qui
1304 4603 1419 4679 abjecto
1449 4600 1646 4684 polytheismo
1679 4603 1848 4667 Christiana
1872 4627 1956 4669 saort
1983 4627 2028 4666 rs·

567 4697 671 4772 spexit.
1327 4731 1332 4740 ·
