4404 5564
331 447 335 460 '
441 463 524 514 sur
920 440 1193 518 NOTITIA
1223 439 1564 516 LITERARIA

469 611 670 692 secundum
691 611 978 710 magnitudinem
998 611 1036 684 in
1054 613 1170 688 varias
1189 612 1305 686 serius
1322 610 1485 686 ordinari
1500 612 1789 737 consueverant,
1813 609 1867 708 ita
1878 625 1920 685 ut
1936 613 2036 716 pri-

468 776 566 824 mum
589 747 693 822 numi
714 747 902 830 autonomi
921 747 1050 822 ordine
1072 745 1304 858 alphabetico
1325 763 1364 818 et
1382 745 1584 824 secundum
1602 746 1741 820 metalli
1759 771 1877 846 genus
1893 725 2048 824 cosso?

369 941 374 948 -
467 899 658 976 carentur3
685 879 822 955 deinde
848 881 950 954 numi
967 881 1061 980 regii
1081 879 1282 954 secundum
1300 879 1488 954 modulum
1513 899 1551 956 et
1570 881 1708 955 metalli
1725 907 1862 980 genna,
1881 899 2030 980 postea

466 1019 568 1092 numi
586 1021 841 1098 Romanorum
859 1017 1080 1100 Consulares
1096 1032 1135 1088 et
1147 1013 1375 1112 imperatorii
1393 1015 1519 1088 itidem
1539 1015 1743 1088 secundum
1763 1015 1955 1090 modulum
1978 1035 2030 1090 et

465 1152 606 1226 metalli
633 1177 750 1251 genus
771 1153 1096 1238 distribuerentur,
1114 1148 1255 1247 ¹quibus
1276 1150 1342 1224 alii
1360 1174 1491 1222 numos
1515 1148 1740 1222 coloniarum
1759 1150 1932 1228 adserere
1952 1173 2025 1226 so·

468 1287 616 1376 lebant,
643 1287 705 1361 alii
725 1311 814 1360 vero
837 1285 877 1356 in
897 1283 1102 1384 peculiares
1125 1282 1241 1357 series
1260 1285 1459 1380 sejungere
1482 1282 1666 1356 amabant.

531 1414 532 1418 '
568 1420 672 1522 Quae
702 1418 946 1494 distribuendi
968 1415 1185 1506 methodus,
1218 1443 1440 1517 quamquam
1463 1441 1486 1490 a
1510 1415 1722 1518 praecipuis
1744 1415 2024 1494 umbuadeie

468 1553 641 1650 adoptata
660 1571 701 1628 et
719 1554 757 1625 ira
775 1551 1072 1652 locupletissimis
1091 1550 1228 1624 Museis
1248 1551 1411 1626 adhibita
1434 1550 1575 1641 fuerit,
1604 1567 1728 1626 tamen
1753 1555 1867 1655 quam
1883 1579 2017 1656 parum

349 1713 360 1720 ”
438 1702 442 1712 “
467 1687 732 1777 commodarit,
757 1685 867 1758 facile
887 1683 1115 1784 intelligitur.
1140 1686 1190 1759 Ut
1214 1685 1310 1758 enim
1327 1685 1493 1758 ordinem
1505 1709 1625 1758 rerum
1639 1704 1822 1784 gestarum
1834 1689 2019 1788 sequaris,

469 1820 559 1899 alius
580 1837 692 1924 atque
712 1820 804 1893 alias
825 1819 940 1893 series
964 1843 1158 1892 nemorum
1179 1819 1382 1894 secuudum
1403 1819 1573 1894 modulos
1594 1837 1632 1894 et
1654 1821 1800 1918 metella
1820 1822 2018 1897 distinctas

466 1954 876 2056 perscruterisnecesse
900 1970 968 2026 est.
986 1956 1103 2026 Porro
1122 1952 1190 2042 fir,
1213 1970 1255 2028 ut
1271 1954 1373 2026 numi
1394 1972 1553 2027 terarum
1565 1953 1779 2052 longissime
1791 1956 2019 2046 distantium,

467 2089 650 2184 siquidem
669 2088 798 2164 ordine
812 2087 1044 2188 alphabetico
1066 2111 1109 2160 se
1123 2086 1316 2186 excipient,
1335 2113 1451 2186 penes
1462 2113 1502 2161 se
1524 2087 1754 2162 collocentur
1774 2119 1807 2164 v.
1818 2115 1853 2188 g.
1865 2089 2020 2164 Panti-

469 2249 686 2324 capaeum
709 2223 749 2294 in
762 2223 934 2312 Tauride,
952 2225 1193 2295 Panormus
1210 2220 1249 2292 in
1260 2221 1397 2312 Sicilia,
1422 2222 1646 2322 etPaphos
1666 2222 1704 2294 in
1717 2201 1994 2323 Cyproinanla.

542 2357 822 2446 Pellerinus,
846 2356 1056 2455 hujusmodi
1074 2353 1367 2428 distributionem
1392 2355 1601 2429 ametbodo
1619 2355 1889 2456 philosophica,
1915 2379 2014 2457 quae

474 2493 654 2593 cujusque
679 2491 855 2565 scientiae
882 2489 981 2563 basis
1012 2491 1080 2579 sit,
1106 2513 1261 2562 necesse
1287 2506 1366 2580 est,
1389 2488 1602 2587 longissime
1631 2491 1805 2566 aberrare
1836 2492 2013 2581 sentiens,

467 2651 596 2700 novum
620 2625 659 2694 in
681 2625 750 2696 hac
771 2622 918 2696 reniam
938 2623 1150 2722 patefacere
1165 2640 1319 2697 conatus
1343 2640 1420 2712 est,
1448 2648 1569 2721 eoquo
1593 2628 1783 2724 pervenit,
1809 2643 1851 2700 ut
1881 2649 2016 2700 numos

468 2757 614 2833 urbium
645 2757 845 2831 secundum
878 2758 1069 2855 regiones,
1103 2756 1204 2829 unde
1229 2756 1410 2854 originem
1437 2758 1650 2849 traherent,
1675 2761 1875 2834 ordinaret.
1911 2763 2015 2862 Quae

470 2892 668 2966 ordinandi
688 2891 782 2964 ratio
800 2875 968 2988 magnam
991 2889 1139 2988 quidem
1160 2892 1352 2962 numerum
1371 2889 1668 2990 explicandorum
1689 2894 1905 2968 'facilitatem
1929 2918 2014 2993 aup-

464 3025 678 3137 peditebat3
705 3052 830 3099 verum
850 3040 980 3100 auctor
1002 3023 1098 3096 hanc
1114 3021 1207 3095 viam
1227 3023 1325 3096 haud
1345 3025 1434 3098 satis
1452 3025 1567 3125 longe
1586 3037 1835 3126 prosequutus
1858 3044 1925 3118 est,
1947 3027 2017 3102 sed

226 3215 230 3226 .
357 3195 367 3262 '.
472 3161 579 3260 quasi
597 3162 636 3232 in
654 3161 772 3261 primo
788 3159 914 3232 limine
936 3159 1081 3246 sistens,
1101 3183 1233 3230 numos
1252 3183 1330 3230 non
1348 3158 1420 3231 nisi
1439 3161 1640 3233 secuudum
1659 3162 1853 3262 generales
1871 3162 2016 3236 divisio·

470 3321 538 3371 nes
559 3295 824 3396 geographicas
842 3279 1054 3393 dispertitus
1075 3310 1143 3366 est.
1177 3295 1308 3391 Itaque
1326 3312 1492 3368 cunctam
1510 3296 1691 3394 cujusque
1709 3297 1872 3395 regionis
1891 3321 2015 3370 mone·

345 3487 349 3492 .
444 3439 543 3504 'tarn
569 3430 608 3502 in
633 3453 746 3502 unum
772 3453 941 3502 acervum
966 3426 1155 3526 congessit
1182 3445 1220 3500 et
1245 3428 1376 3502 ordine
1402 3427 1637 3526 alphabetico
1665 3432 1884 3530 composuit.
1916 3429 2015 3506 Idem

469 3582 593 3638 tamen
612 3589 743 3638 numos
762 3562 906 3635 urbium
917 3615 933 3652 ,
954 3589 1083 3661 regum
1093 3615 1105 3652 ,
1134 3579 1171 3636 et
1190 3562 1416 3638 coloniarum
1436 3589 1630 3638 secernere
1649 3564 1785 3664 coepit.

567 3696 710 3771 Echhel
730 3715 858 3770 noster
875 3697 1012 3796 primus
1031 3693 1180 3788 exstitit,
1204 3699 1268 3796 qui
1280 3696 1519 3798 perspiceret,
1547 3716 1723 3797 quantum
1740 3697 2012 3774 incommodita-

474 3831 523 3906 tis
547 3831 709 3905 divcrsae
731 3831 801 3904 bae
823 3831 987 3904 methodi
1007 3830 1198 3905 haberent.
1233 3835 1276 3903 ln
1298 3857 1344 3905 eo
1363 3849 1485 3906 tamen
1508 3859 1589 3908 cnm
1609 3833 1795 3908 Pellerino
1814 3833 2015 3922 consensit,
2052 3829 2061 3842 '

469 3989 590 4063 aeque
609 3966 773 4063 ineptum
793 3983 831 4038 et
850 3965 1044 4040 ridiculum
1062 3991 1164 4056 esse,
1191 3990 1322 4040 numos
1339 3967 1541 4040 secundum
1562 3967 1699 4068 metalli
1719 3993 1838 4068 genus
1857 3983 1920 4042 aut
1939 3993 2011 4040 mo·

468 4101 577 4174 dulos
604 4099 788 4200 dispertiri
811 4099 928 4190 aelle,
954 4101 1120 4199 quamsi
1148 4101 1231 4200 quis
1255 4100 1460 4200 plantarum
1486 4127 1625 4200 genera
1656 4129 1702 4177 ex
1731 4103 1856 4203 stirpis
1883 4101 2012 4176 duritie

470 4238 597 4314 aliisve
617 4235 903 4337 proprietatibus
925 4237 964 4308 in
986 4207 1140 4324 herbas,
1170 4235 1325 4310 frutices
1354 4253 1392 4310 et
1418 4237 1569 4312 arborea
1592 4235 1782 4312 divideret.
1818 4236 2012 4310 Methodus

370 4444 374 4454 ,
470 4374 625 4449 enimin
636 4370 902 4446 omniscientis
920 4371 971 4443 fili
983 4371 1097 4445 instar
1111 4389 1186 4460 est,
1206 4396 1292 4470 quo,
1309 4370 1432 4446 vitatis
1450 4373 1668 4473 ambagibus
1679 4389 1718 4446 et
1739 4372 1937 4461 erroribus,
1948 4396 2010 4470 per

469 4533 618 4584 caecum
631 4506 881 4607 labyrinthum
901 4507 1124 4607 cognitionis
1142 4507 1349 4608 empyricae
1368 4507 1555 4583 ducamur.
1580 4510 1670 4583 Utut
1684 4507 1858 4608 plurimes
1870 4532 1931 4580 res
1943 4531 2007 4580 usu

467 4643 684 4742 quotidiano
714 4659 751 4719 et
769 4643 954 4720 communi
973 4611 1195 4744 experientia
1214 4642 1471 4736 didicerimus,
1496 4663 1637 4733 tumen,
1664 4643 1697 4717 ei
1722 4641 1918 4716 methodus
1946 4639 2007 4716 ab·

467 4794 535 4870 est,
556 4777 650 4854 scire
667 4796 831 4858 nostrum
848 4776 944 4856 nibil
964 4795 1031 4873 cst,
1049 4777 1122 4853 nisi
1142 4779 1288 4883 farrago
1305 4771 1497 4858 notionum
1516 4778 1713 4856 memoriae
1730 4775 2005 4854 inhaerentium.
