<?xml version="1.0" encoding="UTF-8"?>
<!DOCTYPE html PUBLIC "-//W3C//DTD XHTML 1.0 Transitional//EN"
    "http://www.w3.org/TR/xhtml1/DTD/xhtml1-transitional.dtd">
<html xmlns="http://www.w3.org/1999/xhtml" xml:lang="en" lang="en">
 <head>
  <title>
</title>
<meta http-equiv="Content-Type" content="text/html;charset=utf-8" />
  <meta name='ocr-system' content='tesseract 3.04.00' />
  <meta name='ocr-capabilities' content='ocr_page ocr_carea ocr_par ocr_line ocrx_word'/>
</head>
<body>
  <div class='ocr_page' id='page_1' title='image "./doctrinanvmorvm06grangoog/doctrinanvmorvm06grangoog_0593.png"; bbox 0 0 4404 5564; ppageno 0'>
   <div class='ocr_carea' id='block_1_1' title="bbox 466 538 1549 616">
    <p class='ocr_par' dir='ltr' id='par_1_1' title="bbox 466 538 1549 616">
     <span class='ocr_line' id='line_1_1' title="bbox 466 538 1549 616; baseline 0.01 -11"><span class='ocrx_word' id='word_1_1' title='bbox 466 555 516 605; x_wconf 70' lang='grc' dir='ltr'><strong>ιιι</strong></span> <span class='ocrx_word' id='word_1_2' title='bbox 915 538 1188 614; x_wconf 56' lang='lat' dir='ltr'>„NOTITIA</span> <span class='ocrx_word' id='word_1_3' title='bbox 1211 539 1549 616; x_wconf 75' lang='lat' dir='ltr'><strong>LITERARIA</strong></span> 
     </span>
    </p>
   </div>
   <div class='ocr_carea' id='block_1_2' title="bbox 335 705 2019 4428">
    <p class='ocr_par' dir='ltr' id='par_1_2' title="bbox 335 705 2019 2964">
     <span class='ocr_line' id='line_1_2' title="bbox 465 705 2019 809; baseline -0.001 -27"><span class='ocrx_word' id='word_1_4' title='bbox 465 706 611 782; x_wconf 88' lang='lat' dir='ltr'><strong>tabulas</strong></span> <span class='ocrx_word' id='word_1_5' title='bbox 624 705 776 796; x_wconf 87' lang='lat' dir='ltr'><strong>addidit,</strong></span> <span class='ocrx_word' id='word_1_6' title='bbox 791 727 1111 809; x_wconf 76' lang='lat' dir='ltr'><strong>repraesentantes</strong></span> <span class='ocrx_word' id='word_1_7' title='bbox 1130 736 1196 784; x_wconf 87' lang='lat' dir='ltr'><strong>eos</strong></span> <span class='ocrx_word' id='word_1_8' title='bbox 1212 711 1271 786; x_wconf 85' lang='lat' dir='ltr'><strong>vel</strong></span> <span class='ocrx_word' id='word_1_9' title='bbox 1291 709 1450 786; x_wconf 88' lang='lat' dir='ltr'><strong>ineditos</strong></span> <span class='ocrx_word' id='word_1_10' title='bbox 1469 708 1631 785; x_wconf 86' lang='lat' dir='ltr'><strong>relmalc</strong></span> <span class='ocrx_word' id='word_1_11' title='bbox 1650 705 1851 806; x_wconf 87' lang='lat' dir='ltr'><strong>explicatos</strong></span> <span class='ocrx_word' id='word_1_12' title='bbox 1867 731 2019 798; x_wconf 78' lang='lat' dir='ltr'><strong>narmos,</strong></span> 
     </span>
     <span class='ocr_line' id='line_1_3' title="bbox 468 839 2018 947; baseline 0.001 -33"><span class='ocrx_word' id='word_1_13' title='bbox 468 865 564 942; x_wconf 89' lang='lat' dir='ltr'><strong>quos</strong></span> <span class='ocrx_word' id='word_1_14' title='bbox 584 842 683 916; x_wconf 89' lang='lat' dir='ltr'><strong>inter</strong></span> <span class='ocrx_word' id='word_1_15' title='bbox 703 843 956 919; x_wconf 80' lang='lat' dir='ltr'><strong>anecdotos</strong></span> <span class='ocrx_word' id='word_1_16' title='bbox 980 839 1144 919; x_wconf 88' lang='lat' dir='ltr'><strong>nondum</strong></span> <span class='ocrx_word' id='word_1_17' title='bbox 1162 846 1415 947; x_wconf 79' lang='lat' dir='ltr'><strong>descripserat.</strong></span> <span class='ocrx_word' id='word_1_18' title='bbox 1451 848 1496 917; x_wconf 91' lang='lat' dir='ltr'><strong>ln</strong></span> <span class='ocrx_word' id='word_1_19' title='bbox 1515 843 1747 944; x_wconf 80' lang='lat' dir='ltr'><strong>praefatione</strong></span> <span class='ocrx_word' id='word_1_20' title='bbox 1765 843 1876 942; x_wconf 84' lang='lat' dir='ltr'><strong>hujus</strong></span> <span class='ocrx_word' id='word_1_21' title='bbox 1888 841 2018 942; x_wconf 84' lang='lat' dir='ltr'><strong>operis</strong></span> 
     </span>
     <span class='ocr_line' id='line_1_4' title="bbox 466 976 2018 1080; baseline -0.001 -30"><span class='ocrx_word' id='word_1_22' title='bbox 466 977 902 1052; x_wconf 87' lang='lat' dir='ltr'><strong>criminaaceleberrimo</strong></span> <span class='ocrx_word' id='word_1_23' title='bbox 921 979 1138 1054; x_wconf 88' lang='lat' dir='ltr'><strong>Pellerin</strong></span> <span class='ocrx_word' id='word_1_24' title='bbox 1153 1008 1176 1052; x_wconf 93' lang='lat' dir='ltr'><strong>o</strong></span> <span class='ocrx_word' id='word_1_25' title='bbox 1198 981 1270 1054; x_wconf 88' lang='lat' dir='ltr'><strong>sibi</strong></span> <span class='ocrx_word' id='word_1_26' title='bbox 1289 982 1438 1080; x_wconf 87' lang='lat' dir='ltr'><strong>objecta</strong></span> <span class='ocrx_word' id='word_1_27' title='bbox 1454 979 1627 1054; x_wconf 85' lang='lat' dir='ltr'><strong>diluenda</strong></span> <span class='ocrx_word' id='word_1_28' title='bbox 1647 977 1810 1077; x_wconf 80' lang='lat' dir='ltr'><strong>putavit3</strong></span> <span class='ocrx_word' id='word_1_29' title='bbox 1830 976 2018 1076; x_wconf 84' lang='lat' dir='ltr'><strong>quiegre·</strong></span> 
     </span>
     <span class='ocr_line' id='line_1_5' title="bbox 465 1109 2018 1216; baseline -0.001 -34"><span class='ocrx_word' id='word_1_30' title='bbox 465 1110 548 1208; x_wconf 88' lang='lat' dir='ltr'><strong>gius</strong></span> <span class='ocrx_word' id='word_1_31' title='bbox 569 1109 625 1184; x_wconf 93' lang='lat' dir='ltr'><strong>rei</strong></span> <span class='ocrx_word' id='word_1_32' title='bbox 643 1112 832 1206; x_wconf 74' lang='lat' dir='ltr'><strong>numatiae</strong></span> <span class='ocrx_word' id='word_1_33' title='bbox 852 1114 1009 1214; x_wconf 80' lang='lat' dir='ltr'><strong>scriptor</strong></span> <span class='ocrx_word' id='word_1_34' title='bbox 1030 1113 1072 1186; x_wconf 88' lang='lat' dir='ltr'><strong>in</strong></span> <span class='ocrx_word' id='word_1_35' title='bbox 1094 1113 1548 1216; x_wconf 83' lang='lat' dir='ltr'><strong>praefationeVoluminie</strong></span> <span class='ocrx_word' id='word_1_36' title='bbox 1564 1115 1644 1186; x_wconf 89' lang='lat' dir='ltr'><strong>Vll.</strong></span> <span class='ocrx_word' id='word_1_37' title='bbox 1669 1113 1826 1202; x_wconf 67' lang='lat' dir='ltr'><strong>rervm„</strong></span> <span class='ocrx_word' id='word_1_38' title='bbox 1846 1133 1919 1184; x_wconf 87' lang='lat' dir='ltr'><strong>neo</strong></span> <span class='ocrx_word' id='word_1_39' title='bbox 1935 1134 2018 1182; x_wconf 87' lang='lat' dir='ltr'><strong>non</strong></span> 
     </span>
     <span class='ocr_line' id='line_1_6' title="bbox 464 1243 2018 1350; baseline 0.001 -36"><span class='ocrx_word' id='word_1_40' title='bbox 464 1243 783 1318; x_wconf 83' lang='lat' dir='ltr'><strong>inAdditamentis</strong></span> <span class='ocrx_word' id='word_1_41' title='bbox 800 1245 1041 1324; x_wconf 89' lang='lat' dir='ltr'><strong>adVolumen</strong></span> <span class='ocrx_word' id='word_1_42' title='bbox 1055 1252 1114 1322; x_wconf 84' lang='lat' dir='ltr'><strong>lX.</strong></span> <span class='ocrx_word' id='word_1_43' title='bbox 1138 1249 1260 1348; x_wconf 88' lang='lat' dir='ltr'><strong>operis</strong></span> <span class='ocrx_word' id='word_1_44' title='bbox 1279 1252 1336 1321; x_wconf 87' lang='lat' dir='ltr'><strong>sui</strong></span> <span class='ocrx_word' id='word_1_45' title='bbox 1353 1249 1478 1350; x_wconf 90' lang='lat' dir='ltr'><strong>paullo</strong></span> <span class='ocrx_word' id='word_1_46' title='bbox 1490 1246 1661 1321; x_wconf 87' lang='lat' dir='ltr'><strong>acerbius</strong></span> <span class='ocrx_word' id='word_1_47' title='bbox 1674 1259 1901 1344; x_wconf 87' lang='lat' dir='ltr'><strong>conquestus</strong></span> <span class='ocrx_word' id='word_1_48' title='bbox 1922 1259 2018 1332; x_wconf 84' lang='lat' dir='ltr'><strong>erat,</strong></span> 
     </span>
     <span class='ocr_line' id='line_1_7' title="bbox 335 1355 2016 1483; baseline 0.001 -35"><span class='ocrx_word' id='word_1_49' title='bbox 335 1355 338 1360; x_wconf 32' lang='lat'>⁵</span> <span class='ocrx_word' id='word_1_50' title='bbox 391 1463 397 1476; x_wconf 26' lang='grc' dir='ltr'>ἱ</span> <span class='ocrx_word' id='word_1_51' title='bbox 466 1377 569 1476; x_wconf 90' lang='lat' dir='ltr'><strong>quod</strong></span> <span class='ocrx_word' id='word_1_52' title='bbox 582 1378 725 1453; x_wconf 76' lang='lat' dir='ltr'><strong>Eumel</strong></span> <span class='ocrx_word' id='word_1_53' title='bbox 740 1399 892 1473; x_wconf 88' lang='lat' dir='ltr'><strong>noster,</strong></span> <span class='ocrx_word' id='word_1_54' title='bbox 921 1385 1055 1458; x_wconf 84' lang='lat' dir='ltr'><strong>invidia</strong></span> <span class='ocrx_word' id='word_1_55' title='bbox 1077 1385 1229 1473; x_wconf 87' lang='lat' dir='ltr'><strong>ductos,</strong></span> <span class='ocrx_word' id='word_1_56' title='bbox 1253 1385 1461 1483; x_wconf 88' lang='lat' dir='ltr'><strong>complures</strong></span> <span class='ocrx_word' id='word_1_57' title='bbox 1480 1385 1560 1479; x_wconf 89' lang='lat' dir='ltr'><strong>ejus</strong></span> <span class='ocrx_word' id='word_1_58' title='bbox 1582 1405 1725 1453; x_wconf 89' lang='lat' dir='ltr'><strong>errores</strong></span> <span class='ocrx_word' id='word_1_59' title='bbox 1744 1379 1874 1478; x_wconf 90' lang='lat' dir='ltr'><strong>iniquo</strong></span> <span class='ocrx_word' id='word_1_60' title='bbox 1890 1381 2016 1451; x_wconf 87' lang='lat' dir='ltr'><strong>animo</strong></span> 
     </span>
     <span class='ocr_line' id='line_1_8' title="bbox 465 1511 2016 1618; baseline 0.001 -36"><span class='ocrx_word' id='word_1_61' title='bbox 465 1511 659 1602; x_wconf 86' lang='lat' dir='ltr'><strong>retexisse,</strong></span> <span class='ocrx_word' id='word_1_62' title='bbox 683 1516 741 1590; x_wconf 84' lang='lat' dir='ltr'><strong>val</strong></span> <span class='ocrx_word' id='word_1_63' title='bbox 760 1518 912 1590; x_wconf 87' lang='lat' dir='ltr'><strong>omnino</strong></span> <span class='ocrx_word' id='word_1_64' title='bbox 936 1517 1051 1592; x_wconf 81' lang='lat' dir='ltr'><strong>salsos</strong></span> <span class='ocrx_word' id='word_1_65' title='bbox 1070 1519 1106 1593; x_wconf 89' lang='lat' dir='ltr'><strong>ei</strong></span> <span class='ocrx_word' id='word_1_66' title='bbox 1122 1519 1319 1618; x_wconf 86' lang='lat' dir='ltr'><strong>imputasse</strong></span> <span class='ocrx_word' id='word_1_67' title='bbox 1337 1517 1533 1591; x_wconf 83' lang='lat' dir='ltr'><strong>rideretur.</strong></span> <span class='ocrx_word' id='word_1_68' title='bbox 1559 1513 1720 1602; x_wconf 73' lang='lat' dir='ltr'><strong>Eclrhel,</strong></span> <span class='ocrx_word' id='word_1_69' title='bbox 1746 1515 1852 1612; x_wconf 85' lang='lat' dir='ltr'><strong>cujus</strong></span> <span class='ocrx_word' id='word_1_70' title='bbox 1870 1511 2016 1588; x_wconf 81' lang='lat' dir='ltr'><strong>animus</strong></span> 
     </span>
     <span class='ocr_line' id='line_1_9' title="bbox 465 1643 2015 1752; baseline 0.001 -34"><span class='ocrx_word' id='word_1_71' title='bbox 465 1643 513 1718; x_wconf 85' lang='lat' dir='ltr'><strong>ab</strong></span> <span class='ocrx_word' id='word_1_72' title='bbox 531 1645 669 1720; x_wconf 87' lang='lat' dir='ltr'><strong>invidia</strong></span> <span class='ocrx_word' id='word_1_73' title='bbox 690 1675 839 1750; x_wconf 87' lang='lat' dir='ltr'><strong>semper</strong></span> <span class='ocrx_word' id='word_1_74' title='bbox 858 1651 972 1752; x_wconf 90' lang='lat' dir='ltr'><strong>longe</strong></span> <span class='ocrx_word' id='word_1_75' title='bbox 997 1653 1158 1743; x_wconf 86' lang='lat' dir='ltr'><strong>alienus,</strong></span> <span class='ocrx_word' id='word_1_76' title='bbox 1184 1653 1223 1724; x_wconf 91' lang='lat' dir='ltr'><strong>id</strong></span> <span class='ocrx_word' id='word_1_77' title='bbox 1251 1652 1352 1750; x_wconf 90' lang='lat' dir='ltr'><strong>quod</strong></span> <span class='ocrx_word' id='word_1_78' title='bbox 1382 1647 1550 1749; x_wconf 83' lang='lat' dir='ltr'><strong>dignitati</strong></span> <span class='ocrx_word' id='word_1_79' title='bbox 1573 1673 1662 1722; x_wconf 91' lang='lat' dir='ltr'><strong>suae</strong></span> <span class='ocrx_word' id='word_1_80' title='bbox 1694 1647 1822 1722; x_wconf 90' lang='lat' dir='ltr'><strong>deberi</strong></span> <span class='ocrx_word' id='word_1_81' title='bbox 1853 1643 2015 1736; x_wconf 82' lang='lat' dir='ltr'><strong>videbat,</strong></span> 
     </span>
     <span class='ocr_line' id='line_1_10' title="bbox 464 1777 2013 1887; baseline 0.003 -39"><span class='ocrx_word' id='word_1_82' title='bbox 464 1804 533 1878; x_wconf 92' lang='lat' dir='ltr'><strong>pro</strong></span> <span class='ocrx_word' id='word_1_83' title='bbox 555 1777 779 1857; x_wconf 85' lang='lat' dir='ltr'><strong>humanitate</strong></span> <span class='ocrx_word' id='word_1_84' title='bbox 804 1811 870 1858; x_wconf 85' lang='lat' dir='ltr'><strong>sua</strong></span> <span class='ocrx_word' id='word_1_85' title='bbox 893 1787 979 1858; x_wconf 90' lang='lat' dir='ltr'><strong>mite</strong></span> <span class='ocrx_word' id='word_1_86' title='bbox 1002 1785 1210 1887; x_wconf 82' lang='lat' dir='ltr'><strong>respondit:</strong></span> <span class='ocrx_word' id='word_1_87' title='bbox 1235 1786 1291 1857; x_wconf 90' lang='lat' dir='ltr'><strong>rei</strong></span> <span class='ocrx_word' id='word_1_88' title='bbox 1315 1784 1502 1858; x_wconf 83' lang='lat' dir='ltr'><strong>numeriae</strong></span> <span class='ocrx_word' id='word_1_89' title='bbox 1525 1781 1716 1856; x_wconf 86' lang='lat' dir='ltr'><strong>scientiam</strong></span> <span class='ocrx_word' id='word_1_90' title='bbox 1751 1797 1809 1854; x_wconf 92' lang='lat' dir='ltr'><strong>tot</strong></span> <span class='ocrx_word' id='word_1_91' title='bbox 1832 1807 1876 1856; x_wconf 90' lang='lat' dir='ltr'><strong>ao</strong></span> <span class='ocrx_word' id='word_1_92' title='bbox 1892 1796 2013 1854; x_wconf 82' lang='lat' dir='ltr'><strong>tantas</strong></span> 
     </span>
     <span class='ocr_line' id='line_1_11' title="bbox 465 1910 2017 2016; baseline 0.001 -32"><span class='ocrx_word' id='word_1_93' title='bbox 465 1911 650 1988; x_wconf 82' lang='lat' dir='ltr'><strong>involvere</strong></span> <span class='ocrx_word' id='word_1_94' title='bbox 670 1915 925 2010; x_wconf 82' lang='lat' dir='ltr'><strong>difficultates,</strong></span> <span class='ocrx_word' id='word_1_95' title='bbox 949 1937 991 1992; x_wconf 88' lang='lat' dir='ltr'><strong>ut</strong></span> <span class='ocrx_word' id='word_1_96' title='bbox 1006 1920 1210 1994; x_wconf 87' lang='lat' dir='ltr'><strong>doctissimi</strong></span> <span class='ocrx_word' id='word_1_97' title='bbox 1231 1936 1270 1991; x_wconf 90' lang='lat' dir='ltr'><strong>et</strong></span> <span class='ocrx_word' id='word_1_98' title='bbox 1288 1917 1518 1992; x_wconf 87' lang='lat' dir='ltr'><strong>celeberrimi</strong></span> <span class='ocrx_word' id='word_1_99' title='bbox 1541 1915 1681 2016; x_wconf 89' lang='lat' dir='ltr'><strong>quique</strong></span> <span class='ocrx_word' id='word_1_100' title='bbox 1700 1914 1869 1988; x_wconf 89' lang='lat' dir='ltr'><strong>homines</strong></span> <span class='ocrx_word' id='word_1_101' title='bbox 1888 1913 1928 1986; x_wconf 88' lang='lat' dir='ltr'><strong>in</strong></span> <span class='ocrx_word' id='word_1_102' title='bbox 1948 1910 2017 1986; x_wconf 88' lang='lat' dir='ltr'><strong>ali·</strong></span> 
     </span>
     <span class='ocr_line' id='line_1_12' title="bbox 467 2050 2015 2153; baseline -0.002 -33"><span class='ocrx_word' id='word_1_103' title='bbox 467 2065 561 2146; x_wconf 87' lang='lat' dir='ltr'><strong>quot</strong></span> <span class='ocrx_word' id='word_1_104' title='bbox 593 2074 735 2124; x_wconf 89' lang='lat' dir='ltr'><strong>errores</strong></span> <span class='ocrx_word' id='word_1_105' title='bbox 764 2050 887 2124; x_wconf 89' lang='lat' dir='ltr'><strong>delabi</strong></span> <span class='ocrx_word' id='word_1_106' title='bbox 914 2053 1079 2150; x_wconf 87' lang='lat' dir='ltr'><strong>possint,</strong></span> <span class='ocrx_word' id='word_1_107' title='bbox 1106 2053 1197 2153; x_wconf 89' lang='lat' dir='ltr'><strong>quin</strong></span> <span class='ocrx_word' id='word_1_108' title='bbox 1226 2051 1443 2126; x_wconf 86' lang='lat' dir='ltr'><strong>existimatio</strong></span> <span class='ocrx_word' id='word_1_109' title='bbox 1472 2051 1519 2124; x_wconf 90' lang='lat' dir='ltr'><strong>de</strong></span> <span class='ocrx_word' id='word_1_110' title='bbox 1548 2050 1668 2124; x_wconf 87' lang='lat' dir='ltr'><strong>solida</strong></span> <span class='ocrx_word' id='word_1_111' title='bbox 1697 2066 1735 2124; x_wconf 87' lang='lat' dir='ltr'><strong>et</strong></span> <span class='ocrx_word' id='word_1_112' title='bbox 1760 2065 1861 2122; x_wconf 86' lang='lat' dir='ltr'><strong>vasta</strong></span> <span class='ocrx_word' id='word_1_113' title='bbox 1886 2071 2015 2120; x_wconf 89' lang='lat' dir='ltr'><strong>eorum</strong></span> 
     </span>
     <span class='ocr_line' id='line_1_13' title="bbox 467 2171 2015 2286; baseline 0 -34"><span class='ocrx_word' id='word_1_114' title='bbox 467 2182 676 2257; x_wconf 87' lang='lat' dir='ltr'><strong>eruditione</strong></span> <span class='ocrx_word' id='word_1_115' title='bbox 706 2183 821 2257; x_wconf 90' lang='lat' dir='ltr'><strong>ullum</strong></span> <span class='ocrx_word' id='word_1_116' title='bbox 845 2186 977 2261; x_wconf 86' lang='lat' dir='ltr'><strong>exinde</strong></span> <span class='ocrx_word' id='word_1_117' title='bbox 1002 2171 1260 2262; x_wconf 73' lang='lat' dir='ltr'><strong>dbtrimentum</strong></span> <span class='ocrx_word' id='word_1_118' title='bbox 1287 2187 1457 2286; x_wconf 89' lang='lat' dir='ltr'><strong>patiatur.</strong></span> <span class='ocrx_word' id='word_1_119' title='bbox 1496 2188 1590 2260; x_wconf 86' lang='lat' dir='ltr'><strong>Nam</strong></span> <span class='ocrx_word' id='word_1_120' title='bbox 1613 2183 1716 2275; x_wconf 86' lang='lat' dir='ltr'><strong>lieri,</strong></span> <span class='ocrx_word' id='word_1_121' title='bbox 1739 2199 1804 2273; x_wconf 90' lang='lat' dir='ltr'><strong>ut,</strong></span> <span class='ocrx_word' id='word_1_122' title='bbox 1831 2183 1872 2254; x_wconf 92' lang='lat' dir='ltr'><strong>in</strong></span> <span class='ocrx_word' id='word_1_123' title='bbox 1898 2180 2015 2280; x_wconf 87' lang='lat' dir='ltr'><strong>expli·</strong></span> 
     </span>
     <span class='ocr_line' id='line_1_14' title="bbox 467 2313 2017 2421; baseline 0.003 -36"><span class='ocrx_word' id='word_1_124' title='bbox 467 2313 596 2388; x_wconf 88' lang='lat' dir='ltr'><strong>randis</strong></span> <span class='ocrx_word' id='word_1_125' title='bbox 616 2316 738 2390; x_wconf 81' lang='lat' dir='ltr'><strong>numia</strong></span> <span class='ocrx_word' id='word_1_126' title='bbox 756 2320 956 2410; x_wconf 83' lang='lat' dir='ltr'><strong>veteribus,</strong></span> <span class='ocrx_word' id='word_1_127' title='bbox 984 2320 1076 2394; x_wconf 86' lang='lat' dir='ltr'><strong>alius</strong></span> <span class='ocrx_word' id='word_1_128' title='bbox 1094 2321 1168 2395; x_wconf 88' lang='lat' dir='ltr'><strong>alio</strong></span> <span class='ocrx_word' id='word_1_129' title='bbox 1185 2319 1448 2421; x_wconf 81' lang='lat' dir='ltr'><strong>praestantiori</strong></span> <span class='ocrx_word' id='word_1_130' title='bbox 1473 2318 1671 2418; x_wconf 85' lang='lat' dir='ltr'><strong>exemplari</strong></span> <span class='ocrx_word' id='word_1_131' title='bbox 1688 2333 1822 2404; x_wconf 85' lang='lat' dir='ltr'><strong>utatur,</strong></span> <span class='ocrx_word' id='word_1_132' title='bbox 1844 2314 2017 2414; x_wconf 83' lang='lat' dir='ltr'><strong>adeoque</strong></span> 
     </span>
     <span class='ocr_line' id='line_1_15' title="bbox 466 2447 2017 2556; baseline 0.002 -37"><span class='ocrx_word' id='word_1_133' title='bbox 466 2472 544 2521; x_wconf 90' lang='lat' dir='ltr'><strong>rem</strong></span> <span class='ocrx_word' id='word_1_134' title='bbox 560 2450 690 2524; x_wconf 90' lang='lat' dir='ltr'><strong>melius</strong></span> <span class='ocrx_word' id='word_1_135' title='bbox 706 2467 841 2552; x_wconf 87' lang='lat' dir='ltr'><strong>tangat.</strong></span> <span class='ocrx_word' id='word_1_136' title='bbox 868 2454 999 2556; x_wconf 86' lang='lat' dir='ltr'><strong>Quoad</strong></span> <span class='ocrx_word' id='word_1_137' title='bbox 1019 2481 1162 2531; x_wconf 90' lang='lat' dir='ltr'><strong>errores</strong></span> <span class='ocrx_word' id='word_1_138' title='bbox 1184 2471 1327 2544; x_wconf 83' lang='lat' dir='ltr'><strong>autam,</strong></span> <span class='ocrx_word' id='word_1_139' title='bbox 1353 2478 1447 2552; x_wconf 88' lang='lat' dir='ltr'><strong>quos</strong></span> <span class='ocrx_word' id='word_1_140' title='bbox 1464 2451 1668 2525; x_wconf 87' lang='lat' dir='ltr'><strong>Pellerinus</strong></span> <span class='ocrx_word' id='word_1_141' title='bbox 1694 2449 1789 2524; x_wconf 84' lang='lat' dir='ltr'><strong>falso</strong></span> <span class='ocrx_word' id='word_1_142' title='bbox 1809 2447 1882 2523; x_wconf 90' lang='lat' dir='ltr'><strong>sibi</strong></span> <span class='ocrx_word' id='word_1_143' title='bbox 1896 2450 2017 2550; x_wconf 87' lang='lat' dir='ltr'><strong>impu·</strong></span> 
     </span>
     <span class='ocr_line' id='line_1_16' title="bbox 467 2582 2015 2687; baseline 0 -33"><span class='ocrx_word' id='word_1_144' title='bbox 467 2596 563 2655; x_wconf 88' lang='lat' dir='ltr'><strong>tatos</strong></span> <span class='ocrx_word' id='word_1_145' title='bbox 580 2603 798 2676; x_wconf 88' lang='lat' dir='ltr'><strong>asseruerat,</strong></span> <span class='ocrx_word' id='word_1_146' title='bbox 820 2587 962 2661; x_wconf 74' lang='lat' dir='ltr'><strong>Eclshel</strong></span> <span class='ocrx_word' id='word_1_147' title='bbox 979 2589 1142 2682; x_wconf 80' lang='lat' dir='ltr'><strong>criticam</strong></span> <span class='ocrx_word' id='word_1_148' title='bbox 1160 2614 1263 2663; x_wconf 82' lang='lat' dir='ltr'><strong>suam</strong></span> <span class='ocrx_word' id='word_1_149' title='bbox 1287 2585 1513 2687; x_wconf 84' lang='lat' dir='ltr'><strong>argumentis</strong></span> <span class='ocrx_word' id='word_1_150' title='bbox 1528 2582 1826 2660; x_wconf 88' lang='lat' dir='ltr'><strong>luculentissimis</strong></span> <span class='ocrx_word' id='word_1_151' title='bbox 1841 2582 2015 2658; x_wconf 79' lang='lat' dir='ltr'><strong>firmavitr</strong></span> 
     </span>
     <span class='ocr_line' id='line_1_17' title="bbox 468 2716 2015 2820; baseline 0.002 -33"><span class='ocrx_word' id='word_1_152' title='bbox 468 2731 653 2789; x_wconf 90' lang='lat' dir='ltr'><strong>caeterum</strong></span> <span class='ocrx_word' id='word_1_153' title='bbox 672 2718 789 2816; x_wconf 80' lang='lat' dir='ltr'><strong>justas</strong></span> <span class='ocrx_word' id='word_1_154' title='bbox 807 2720 995 2795; x_wconf 89' lang='lat' dir='ltr'><strong>Pellerino</strong></span> <span class='ocrx_word' id='word_1_155' title='bbox 1015 2723 1144 2798; x_wconf 86' lang='lat' dir='ltr'><strong>laudes</strong></span> <span class='ocrx_word' id='word_1_156' title='bbox 1161 2719 1339 2797; x_wconf 78' lang='lat' dir='ltr'><strong>attribuit.</strong></span> <span class='ocrx_word' id='word_1_157' title='bbox 1374 2723 1418 2802; x_wconf 85' lang='lat' dir='ltr'><strong>ln</strong></span> <span class='ocrx_word' id='word_1_158' title='bbox 1441 2720 1515 2795; x_wconf 87' lang='lat' dir='ltr'><strong>line</strong></span> <span class='ocrx_word' id='word_1_159' title='bbox 1536 2719 1648 2820; x_wconf 82' lang='lat' dir='ltr'><strong>hujus</strong></span> <span class='ocrx_word' id='word_1_160' title='bbox 1667 2716 1827 2818; x_wconf 87' lang='lat' dir='ltr'><strong>catalogi</strong></span> <span class='ocrx_word' id='word_1_161' title='bbox 1846 2716 2015 2793; x_wconf 84' lang='lat' dir='ltr'><strong>notitiam</strong></span> 
     </span>
     <span class='ocr_line' id='line_1_18' title="bbox 468 2847 1587 2964; baseline 0.008 -46"><span class='ocrx_word' id='word_1_162' title='bbox 468 2847 678 2922; x_wconf 86' lang='lat' dir='ltr'><strong>historicam</strong></span> <span class='ocrx_word' id='word_1_163' title='bbox 696 2851 742 2924; x_wconf 89' lang='lat' dir='ltr'><strong>de</strong></span> <span class='ocrx_word' id='word_1_164' title='bbox 758 2854 889 2964; x_wconf 74' lang='lat' dir='ltr'><strong>Museo</strong></span> <span class='ocrx_word' id='word_1_165' title='bbox 908 2855 1092 2930; x_wconf 85' lang='lat' dir='ltr'><strong>Caesareo</strong></span> <span class='ocrx_word' id='word_1_166' title='bbox 1108 2855 1395 2932; x_wconf 90' lang='lat' dir='ltr'><strong>Vindobunensi</strong></span> <span class='ocrx_word' id='word_1_167' title='bbox 1414 2855 1587 2930; x_wconf 86' lang='lat' dir='ltr'><strong>adseruit.</strong></span> 
     </span>
    </p>

    <p class='ocr_par' dir='ltr' id='par_1_3' title="bbox 563 2981 2011 3090">
     <span class='ocr_line' id='line_1_19' title="bbox 563 2981 2011 3090; baseline -0.003 -28"><span class='ocrx_word' id='word_1_168' title='bbox 563 2981 624 3056; x_wconf 81' lang='lat' dir='ltr'><strong>Ab</strong></span> <span class='ocrx_word' id='word_1_169' title='bbox 639 2987 819 3082; x_wconf 70' lang='lat' dir='ltr'><strong>Art-1279</strong></span> <span class='ocrx_word' id='word_1_170' title='bbox 840 3015 960 3088; x_wconf 89' lang='lat' dir='ltr'><strong>usque</strong></span> <span class='ocrx_word' id='word_1_171' title='bbox 979 2989 1027 3063; x_wconf 90' lang='lat' dir='ltr'><strong>ad</strong></span> <span class='ocrx_word' id='word_1_172' title='bbox 1041 2993 1114 3069; x_wconf 82' lang='lat' dir='ltr'><strong>Aa.</strong></span> <span class='ocrx_word' id='word_1_173' title='bbox 1134 2999 1249 3080; x_wconf 65' lang='lat' dir='ltr'><strong>tago,</strong></span> <span class='ocrx_word' id='word_1_174' title='bbox 1270 2991 1412 3062; x_wconf 87' lang='lat' dir='ltr'><strong>nullum</strong></span> <span class='ocrx_word' id='word_1_175' title='bbox 1432 3014 1526 3090; x_wconf 91' lang='lat' dir='ltr'><strong>opus</strong></span> <span class='ocrx_word' id='word_1_176' title='bbox 1543 2986 1807 3063; x_wconf 79' lang='lat' dir='ltr'><strong>Ecltlrclianum</strong></span> <span class='ocrx_word' id='word_1_177' title='bbox 1823 2985 1864 3058; x_wconf 90' lang='lat' dir='ltr'><strong>in</strong></span> <span class='ocrx_word' id='word_1_178' title='bbox 1889 2985 2011 3060; x_wconf 89' lang='lat' dir='ltr'><strong>lucem</strong></span> 
     </span>
    </p>

    <p class='ocr_par' dir='ltr' id='par_1_4' title="bbox 437 3113 2014 3604">
     <span class='ocr_line' id='line_1_20' title="bbox 467 3113 2014 3224; baseline 0.002 -37"><span class='ocrx_word' id='word_1_179' title='bbox 467 3113 617 3215; x_wconf 87' lang='lat' dir='ltr'><strong>prodiit.</strong></span> <span class='ocrx_word' id='word_1_180' title='bbox 652 3121 735 3220; x_wconf 83' lang='lat' dir='ltr'><strong>Quo</strong></span> <span class='ocrx_word' id='word_1_181' title='bbox 759 3123 934 3222; x_wconf 88' lang='lat' dir='ltr'><strong>temporis</strong></span> <span class='ocrx_word' id='word_1_182' title='bbox 955 3124 1075 3224; x_wconf 89' lang='lat' dir='ltr'><strong>spatio</strong></span> <span class='ocrx_word' id='word_1_183' title='bbox 1097 3125 1294 3223; x_wconf 85' lang='lat' dir='ltr'><strong>interjecto</strong></span> <span class='ocrx_word' id='word_1_184' title='bbox 1310 3122 1451 3198; x_wconf 80' lang='lat' dir='ltr'><strong>Eclthel</strong></span> <span class='ocrx_word' id='word_1_185' title='bbox 1470 3148 1622 3198; x_wconf 88' lang='lat' dir='ltr'><strong>novam</strong></span> <span class='ocrx_word' id='word_1_186' title='bbox 1651 3121 1867 3221; x_wconf 81' lang='lat' dir='ltr'><strong>syllogen</strong></span> <span class='ocrx_word' id='word_1_187' title='bbox 1896 3117 2014 3222; x_wconf 83' lang='lat' dir='ltr'><strong>edidit</strong></span> 
     </span>
     <span class='ocr_line' id='line_1_21' title="bbox 437 3253 2013 3358; baseline 0.004 -37"><span class='ocrx_word' id='word_1_188' title='bbox 437 3275 663 3326; x_wconf 64' lang='lat' dir='ltr'><strong>momorum</strong></span> <span class='ocrx_word' id='word_1_189' title='bbox 691 3271 854 3328; x_wconf 87' lang='lat' dir='ltr'><strong>veterum</strong></span> <span class='ocrx_word' id='word_1_190' title='bbox 887 3259 1148 3332; x_wconf 87' lang='lat' dir='ltr'><strong>anecdotorum</strong></span> <span class='ocrx_word' id='word_1_191' title='bbox 1173 3259 1229 3357; x_wconf 75' lang='lat'><strong>⁸),</strong></span> <span class='ocrx_word' id='word_1_192' title='bbox 1254 3285 1351 3358; x_wconf 89' lang='lat' dir='ltr'><strong>quos</strong></span> <span class='ocrx_word' id='word_1_193' title='bbox 1378 3257 1520 3330; x_wconf 88' lang='lat' dir='ltr'><strong>interca</strong></span> <span class='ocrx_word' id='word_1_194' title='bbox 1554 3256 1595 3329; x_wconf 90' lang='lat' dir='ltr'><strong>iu</strong></span> <span class='ocrx_word' id='word_1_195' title='bbox 1623 3256 1799 3331; x_wconf 87' lang='lat' dir='ltr'><strong>thesauro</strong></span> <span class='ocrx_word' id='word_1_196' title='bbox 1830 3253 2013 3330; x_wconf 73' lang='lat' dir='ltr'><strong>Cacmreo</strong></span> 
     </span>
     <span class='ocr_line' id='line_1_22' title="bbox 467 3387 2014 3493; baseline 0.003 -37"><span class='ocrx_word' id='word_1_197' title='bbox 467 3405 637 3484; x_wconf 87' lang='lat' dir='ltr'><strong>repertos</strong></span> <span class='ocrx_word' id='word_1_198' title='bbox 655 3387 695 3460; x_wconf 91' lang='lat' dir='ltr'><strong>in</strong></span> <span class='ocrx_word' id='word_1_199' title='bbox 712 3389 848 3464; x_wconf 89' lang='lat' dir='ltr'><strong>classes</strong></span> <span class='ocrx_word' id='word_1_200' title='bbox 873 3393 1083 3492; x_wconf 80' lang='lat' dir='ltr'><strong>systematis</strong></span> <span class='ocrx_word' id='word_1_201' title='bbox 1099 3393 1156 3466; x_wconf 86' lang='lat' dir='ltr'><strong>sui</strong></span> <span class='ocrx_word' id='word_1_202' title='bbox 1176 3392 1381 3492; x_wconf 80' lang='lat' dir='ltr'><strong>redegerat.</strong></span> <span class='ocrx_word' id='word_1_203' title='bbox 1406 3393 1508 3466; x_wconf 89' lang='lat' dir='ltr'><strong>Hace</strong></span> <span class='ocrx_word' id='word_1_204' title='bbox 1528 3392 1712 3493; x_wconf 85' lang='lat' dir='ltr'><strong>syllogeX</strong></span> <span class='ocrx_word' id='word_1_205' title='bbox 1737 3390 1873 3468; x_wconf 91' lang='lat' dir='ltr'><strong>tabulis</strong></span> <span class='ocrx_word' id='word_1_206' title='bbox 1890 3389 2014 3466; x_wconf 83' lang='lat' dir='ltr'><strong>aeneis</strong></span> 
     </span>
     <span class='ocr_line' id='line_1_23' title="bbox 468 3523 1483 3604; baseline 0.008 -10"><span class='ocrx_word' id='word_1_207' title='bbox 468 3537 576 3594; x_wconf 87' lang='lat' dir='ltr'><strong>aucta</strong></span> <span class='ocrx_word' id='word_1_208' title='bbox 595 3539 662 3595; x_wconf 88' lang='lat' dir='ltr'><strong>est.</strong></span> <span class='ocrx_word' id='word_1_209' title='bbox 698 3523 893 3598; x_wconf 89' lang='lat' dir='ltr'><strong>Caeterum</strong></span> <span class='ocrx_word' id='word_1_210' title='bbox 910 3526 1226 3604; x_wconf 86' lang='lat' dir='ltr'><strong>continuationem</strong></span> <span class='ocrx_word' id='word_1_211' title='bbox 1245 3553 1323 3604; x_wconf 88' lang='lat' dir='ltr'><strong>non</strong></span> <span class='ocrx_word' id='word_1_212' title='bbox 1343 3528 1483 3604; x_wconf 83' lang='lat' dir='ltr'><strong>habuit.</strong></span> 
     </span>
    </p>

    <p class='ocr_par' dir='ltr' id='par_1_5' title="bbox 468 3653 2013 4428">
     <span class='ocr_line' id='line_1_24' title="bbox 565 3653 2013 3764; baseline 0.006 -38"><span class='ocrx_word' id='word_1_213' title='bbox 565 3653 708 3729; x_wconf 88' lang='lat' dir='ltr'><strong>Eodem</strong></span> <span class='ocrx_word' id='word_1_214' title='bbox 741 3672 907 3758; x_wconf 90' lang='lat' dir='ltr'><strong>tempore</strong></span> <span class='ocrx_word' id='word_1_215' title='bbox 938 3679 1068 3735; x_wconf 89' lang='lat' dir='ltr'><strong>auctor</strong></span> <span class='ocrx_word' id='word_1_216' title='bbox 1092 3679 1220 3754; x_wconf 85' lang='lat' dir='ltr'><strong>noster</strong></span> <span class='ocrx_word' id='word_1_217' title='bbox 1254 3682 1293 3736; x_wconf 90' lang='lat' dir='ltr'><strong>et</strong></span> <span class='ocrx_word' id='word_1_218' title='bbox 1324 3661 1627 3764; x_wconf 89' lang='lat' dir='ltr'><strong>monographiam</strong></span> <span class='ocrx_word' id='word_1_219' title='bbox 1657 3661 1947 3736; x_wconf 82' lang='lat' dir='ltr'><strong>numismatieam&#39;</strong></span> <span class='ocrx_word' id='word_1_220' title='bbox 1974 3657 2013 3755; x_wconf 80' lang='lat' dir='ltr'><strong>b)</strong></span> 
     </span>
     <span class='ocr_line' id='line_1_25' title="bbox 468 3787 2012 3898; baseline 0.004 -38"><span class='ocrx_word' id='word_1_221' title='bbox 468 3787 688 3887; x_wconf 81' lang='lat' dir='ltr'><strong>publicavit,</strong></span> <span class='ocrx_word' id='word_1_222' title='bbox 716 3813 788 3887; x_wconf 84' lang='lat' dir='ltr'><strong>qua</strong></span> <span class='ocrx_word' id='word_1_223' title='bbox 806 3793 1051 3891; x_wconf 84' lang='lat' dir='ltr'><strong>copiosiorem</strong></span> <span class='ocrx_word' id='word_1_224' title='bbox 1074 3787 1364 3898; x_wconf 82' lang='lat' dir='ltr'><strong>systematis&#39;sui</strong></span> <span class='ocrx_word' id='word_1_225' title='bbox 1386 3823 1492 3872; x_wconf 91' lang='lat' dir='ltr'><strong>usum</strong></span> <span class='ocrx_word' id='word_1_226' title='bbox 1514 3797 1688 3874; x_wconf 89' lang='lat' dir='ltr'><strong>ostendit.</strong></span> <span class='ocrx_word' id='word_1_227' title='bbox 1722 3794 1878 3872; x_wconf 89' lang='lat' dir='ltr'><strong>Materia</strong></span> <span class='ocrx_word' id='word_1_228' title='bbox 1900 3795 2012 3894; x_wconf 87' lang='lat' dir='ltr'><strong>hujus</strong></span> 
     </span>
     <span class='ocr_line' id='line_1_26' title="bbox 469 3922 2012 4032; baseline 0.003 -38"><span class='ocrx_word' id='word_1_229' title='bbox 469 3922 760 4022; x_wconf 79' lang='lat' dir='ltr'><strong>metrographiae</strong></span> <span class='ocrx_word' id='word_1_230' title='bbox 781 3942 838 4000; x_wconf 85' lang='lat' dir='ltr'><strong>est</strong></span> <span class='ocrx_word' id='word_1_231' title='bbox 859 3930 1239 4006; x_wconf 83' lang='lat' dir='ltr'><strong>mouetaAntiochiae</strong></span> <span class='ocrx_word' id='word_1_232' title='bbox 1254 3931 1397 4032; x_wconf 81' lang='lat' dir='ltr'><strong>Syriae,</strong></span> <span class='ocrx_word' id='word_1_233' title='bbox 1425 3932 1531 4032; x_wconf 86' lang='lat' dir='ltr'><strong>cujus</strong></span> <span class='ocrx_word' id='word_1_234' title='bbox 1547 3933 1588 4006; x_wconf 91' lang='lat' dir='ltr'><strong>in</strong></span> <span class='ocrx_word' id='word_1_235' title='bbox 1610 3931 1858 4031; x_wconf 87' lang='lat' dir='ltr'><strong>descriptione</strong></span> <span class='ocrx_word' id='word_1_236' title='bbox 1883 3944 2012 4005; x_wconf 87' lang='lat' dir='ltr'><strong>auctor</strong></span> 
     </span>
     <span class='ocr_line' id='line_1_27' title="bbox 469 4057 2010 4168; baseline 0.008 -43"><span class='ocrx_word' id='word_1_237' title='bbox 469 4069 597 4130; x_wconf 82' lang='lat' dir='ltr'><strong>noster</strong></span> <span class='ocrx_word' id='word_1_238' title='bbox 622 4057 812 4156; x_wconf 89' lang='lat' dir='ltr'><strong>specimen</strong></span> <span class='ocrx_word' id='word_1_239' title='bbox 831 4061 919 4138; x_wconf 88' lang='lat' dir='ltr'><strong>artis</strong></span> <span class='ocrx_word' id='word_1_240' title='bbox 942 4065 1091 4140; x_wconf 89' lang='lat' dir='ltr'><strong>criticae</strong></span> <span class='ocrx_word' id='word_1_241' title='bbox 1106 4066 1147 4137; x_wconf 91' lang='lat' dir='ltr'><strong>in</strong></span> <span class='ocrx_word' id='word_1_242' title='bbox 1165 4091 1207 4139; x_wconf 90' lang='lat' dir='ltr'><strong>re</strong></span> <span class='ocrx_word' id='word_1_243' title='bbox 1225 4064 1390 4165; x_wconf 79' lang='lat' dir='ltr'><strong>uumaria</strong></span> <span class='ocrx_word' id='word_1_244' title='bbox 1413 4065 1587 4140; x_wconf 86' lang='lat' dir='ltr'><strong>exhibuit.</strong></span> <span class='ocrx_word' id='word_1_245' title='bbox 1625 4069 1670 4140; x_wconf 90' lang='lat' dir='ltr'><strong>ln</strong></span> <span class='ocrx_word' id='word_1_246' title='bbox 1687 4065 1920 4168; x_wconf 81' lang='lat' dir='ltr'><strong>praefatione</strong></span> <span class='ocrx_word' id='word_1_247' title='bbox 1943 4063 2010 4136; x_wconf 92' lang='lat' dir='ltr'><strong>ho·</strong></span> 
     </span>
     <span class='ocr_line' id='line_1_28' title="bbox 468 4190 2011 4301; baseline 0.006 -39"><span class='ocrx_word' id='word_1_248' title='bbox 468 4191 529 4288; x_wconf 89' lang='lat' dir='ltr'><strong>jos</strong></span> <span class='ocrx_word' id='word_1_249' title='bbox 547 4190 716 4291; x_wconf 89' lang='lat' dir='ltr'><strong>opusculi</strong></span> <span class='ocrx_word' id='word_1_250' title='bbox 733 4193 889 4294; x_wconf 90' lang='lat' dir='ltr'><strong>primurn</strong></span> <span class='ocrx_word' id='word_1_251' title='bbox 911 4197 1087 4299; x_wconf 84' lang='lat' dir='ltr'><strong>loquutus</strong></span> <span class='ocrx_word' id='word_1_252' title='bbox 1104 4217 1161 4276; x_wconf 88' lang='lat' dir='ltr'><strong>est</strong></span> <span class='ocrx_word' id='word_1_253' title='bbox 1179 4198 1226 4274; x_wconf 89' lang='lat' dir='ltr'><strong>de</strong></span> <span class='ocrx_word' id='word_1_254' title='bbox 1249 4199 1457 4274; x_wconf 87' lang='lat' dir='ltr'><strong>doctrina</strong></span> <span class='ocrx_word' id='word_1_255' title='bbox 1488 4225 1694 4294; x_wconf 85' lang='lat' dir='ltr'><strong>numerum,</strong></span> <span class='ocrx_word' id='word_1_256' title='bbox 1721 4225 1795 4301; x_wconf 86' lang='lat' dir='ltr'><strong>qua</strong></span> <span class='ocrx_word' id='word_1_257' title='bbox 1816 4195 2011 4276; x_wconf 87' lang='lat' dir='ltr'><strong>condenda</strong></span> 
     </span>
     <span class='ocr_line' id='line_1_29' title="bbox 469 4327 841 4428; baseline 0.019 -32"><span class='ocrx_word' id='word_1_258' title='bbox 469 4341 560 4399; x_wconf 85' lang='lat' dir='ltr'><strong>tunc</strong></span> <span class='ocrx_word' id='word_1_259' title='bbox 580 4327 841 4428; x_wconf 86' lang='lat' dir='ltr'><strong>occupabatur.</strong></span> 
     </span>
    </p>
   </div>
   <div class='ocr_carea' id='block_1_3' title="bbox 457 4462 2010 4572">
    <p class='ocr_par' dir='ltr' id='par_1_6' title="bbox 457 4462 2010 4572">
     <span class='ocr_line' id='line_1_30' title="bbox 457 4462 2010 4572; baseline 0.005 -37"><span class='ocrx_word' id='word_1_260' title='bbox 457 4481 467 4526; x_wconf 71' lang='grc' dir='ltr'><strong>’ῑ</strong></span> <span class='ocrx_word' id='word_1_261' title='bbox 567 4462 667 4537; x_wconf 84' lang='lat' dir='ltr'><strong>Ante</strong></span> <span class='ocrx_word' id='word_1_262' title='bbox 687 4488 798 4563; x_wconf 90' lang='lat' dir='ltr'><strong>quam</strong></span> <span class='ocrx_word' id='word_1_263' title='bbox 813 4490 908 4566; x_wconf 89' lang='lat' dir='ltr'><strong>opus</strong></span> <span class='ocrx_word' id='word_1_264' title='bbox 925 4463 1035 4564; x_wconf 86' lang='lat' dir='ltr'><strong>hujus</strong></span> <span class='ocrx_word' id='word_1_265' title='bbox 1052 4465 1241 4542; x_wconf 89' lang='lat' dir='ltr'><strong>doctrinae</strong></span> <span class='ocrx_word' id='word_1_266' title='bbox 1251 4521 1264 4558; x_wconf 87' lang='lat'><strong><em>,</em></strong></span> <span class='ocrx_word' id='word_1_267' title='bbox 1289 4495 1362 4570; x_wconf 90' lang='lat' dir='ltr'><strong>qua</strong></span> <span class='ocrx_word' id='word_1_268' title='bbox 1380 4471 1435 4545; x_wconf 88' lang='lat' dir='ltr'><strong>rei</strong></span> <span class='ocrx_word' id='word_1_269' title='bbox 1454 4471 1641 4546; x_wconf 81' lang='lat' dir='ltr'><strong>numeriae</strong></span> <span class='ocrx_word' id='word_1_270' title='bbox 1657 4469 1848 4547; x_wconf 86' lang='lat' dir='ltr'><strong>scientiam</strong></span> <span class='ocrx_word' id='word_1_271' title='bbox 1862 4469 2010 4572; x_wconf 86' lang='lat' dir='ltr'><strong>penitus</strong></span> 
     </span>
    </p>
   </div>
   <div class='ocr_carea' id='block_1_4' title="bbox 466 4629 2013 4666">
    <p class='ocr_par' dir='ltr' id='par_1_7' title="bbox 466 4629 2013 4666">
     <span class='ocr_line' id='line_1_31' title="bbox 466 4629 2013 4666; baseline 0.001 -14"><span class='ocrx_word' id='word_1_272' title='bbox 466 4629 2013 4666; x_wconf 44' lang='lat' dir='ltr'><strong>*m</strong></span> 
     </span>
    </p>
   </div>
   <div class='ocr_carea' id='block_1_5' title="bbox 506 4721 1835 4820">
    <p class='ocr_par' dir='ltr' id='par_1_8' title="bbox 506 4721 1835 4820">
     <span class='ocr_line' id='line_1_32' title="bbox 506 4721 1835 4820; baseline 0.008 -44"><span class='ocrx_word' id='word_1_273' title='bbox 506 4721 539 4788; x_wconf 84' lang='lat' dir='ltr'><strong>a)</strong></span> <span class='ocrx_word' id='word_1_274' title='bbox 558 4721 677 4798; x_wconf 80' lang='lat' dir='ltr'><strong>Sylloge</strong></span> <span class='ocrx_word' id='word_1_275' title='bbox 699 4725 754 4782; x_wconf 81' lang='lat' dir='ltr'><strong>lm·</strong></span> <span class='ocrx_word' id='word_1_276' title='bbox 770 4744 926 4784; x_wconf 85' lang='lat' dir='ltr'><strong>numerum</strong></span> <span class='ocrx_word' id='word_1_277' title='bbox 943 4727 1155 4788; x_wconf 87' lang='lat' dir='ltr'><strong>anecdotorum</strong></span> <span class='ocrx_word' id='word_1_278' title='bbox 1172 4731 1302 4789; x_wconf 84' lang='lat' dir='ltr'><strong>thesauri</strong></span> <span class='ocrx_word' id='word_1_279' title='bbox 1317 4735 1465 4792; x_wconf 81' lang='lat' dir='ltr'><strong>Caesarei.</strong></span> <span class='ocrx_word' id='word_1_280' title='bbox 1483 4733 1614 4820; x_wconf 78' lang='lat' dir='ltr'><strong>Viepnae</strong></span> <span class='ocrx_word' id='word_1_281' title='bbox 1634 4736 1719 4800; x_wconf 75' lang='grc'><strong>1786,</strong></span> <span class='ocrx_word' id='word_1_282' title='bbox 1738 4732 1769 4788; x_wconf 89' lang='lat' dir='ltr'><strong>in</strong></span> <span class='ocrx_word' id='word_1_283' title='bbox 1782 4743 1835 4794; x_wconf 77' lang='lat' dir='ltr'><strong>tto.</strong></span> 
     </span>
    </p>
   </div>
   <div class='ocr_carea' id='block_1_6' title="bbox 442 4810 2008 4972">
    <p class='ocr_par' dir='ltr' id='par_1_9' title="bbox 442 4810 2008 4972">
     <span class='ocr_line' id='line_1_33' title="bbox 446 4810 2008 4908; baseline 0.002 -26"><span class='ocrx_word' id='word_1_284' title='bbox 446 4855 460 4908; x_wconf 67' lang='lat' dir='ltr'><strong>i:</strong></span> <span class='ocrx_word' id='word_1_285' title='bbox 505 4810 541 4882; x_wconf 82' lang='lat' dir='ltr'><strong>b)</strong></span> <span class='ocrx_word' id='word_1_286' title='bbox 563 4815 726 4893; x_wconf 69' lang='lat' dir='ltr'><strong>Descriptio</strong></span> <span class='ocrx_word' id='word_1_287' title='bbox 740 4840 897 4880; x_wconf 85' lang='lat' dir='ltr'><strong>numerum</strong></span> <span class='ocrx_word' id='word_1_288' title='bbox 909 4823 1081 4884; x_wconf 69' lang='lat' dir='ltr'><strong>Antiochiae</strong></span> <span class='ocrx_word' id='word_1_289' title='bbox 1096 4825 1213 4900; x_wconf 68' lang='lat' dir='ltr'><strong>Syriae,</strong></span> <span class='ocrx_word' id='word_1_290' title='bbox 1233 4829 1295 4884; x_wconf 85' lang='lat' dir='ltr'><strong>sive</strong></span> <span class='ocrx_word' id='word_1_291' title='bbox 1309 4827 1460 4905; x_wconf 86' lang='lat' dir='ltr'><strong>specimen</strong></span> <span class='ocrx_word' id='word_1_292' title='bbox 1476 4829 1544 4886; x_wconf 84' lang='lat' dir='ltr'><strong>artis</strong></span> <span class='ocrx_word' id='word_1_293' title='bbox 1560 4829 1858 4908; x_wconf 41' lang='lat' dir='ltr'><strong>criticaeanumaritc.</strong></span> <span class='ocrx_word' id='word_1_294' title='bbox 1877 4829 2008 4886; x_wconf 77' lang='lat' dir='ltr'><strong>Viennae</strong></span> 
     </span>
     <span class='ocr_line' id='line_1_34' title="bbox 442 4909 641 4972; baseline -0.005 -4"><span class='ocrx_word' id='word_1_295' title='bbox 442 4909 465 4934; x_wconf 84' lang='grc'><strong>“·</strong></span> <span class='ocrx_word' id='word_1_296' title='bbox 563 4913 641 4972; x_wconf 74' lang='lat'><strong>1786.</strong></span> 
     </span>
    </p>
   </div>
   <div class='ocr_carea' id='block_1_7' title="bbox 0 0 2206 5564">
    <p class='ocr_par' dir='ltr' id='par_1_10' title="bbox 0 0 2206 5564">
     <span class='ocr_line' id='line_1_35' title="bbox 0 0 2206 5564; baseline 0 0"><span class='ocrx_word' id='word_1_297' title='bbox 0 0 2206 5564; x_wconf 95' lang='lat' dir='ltr'><strong> </strong></span> 
     </span>
    </p>
   </div>
  </div>
 </body>
</html>
