4476 5564
1076 413 1301 496 ‚csrvr
1338 375 1390 492 'n

479 653 539 697 nes
561 621 736 709 Vrgnolius
761 617 808 698 ¹),
840 609 895 696 qui
919 603 1129 688 Elagabalum
1160 619 1227 662 non
1285 617 1359 661 rsre
1383 597 1540 681 perrexit.
1583 597 1729 660 Necesse
1751 615 1818 658 non
1842 608 1912 673 est,
1935 596 2038 682 buju

481 746 557 799 onte
588 726 707 810 lulium
745 729 852 794 morte
891 709 1054 776 adfectum
1090 703 1227 778 censuit,
1285 699 1453 766 doctrinae
1485 698 1682 780 diagramma
1709 713 1918 782 proponere,
1956 721 2036 766 nans

481 833 635 899 nimirum
676 836 712 884 ut
744 813 922 881 tribunatui
949 811 989 878 V.
1027 805 1228 870 consuleret.
1285 802 1391 866 videri
1405 814 1513 884 potest
1525 800 1557 860 in
1575 797 1652 882 ipsis
1669 799 1934 880 ejusunnslibus.¹
1950 800 2036 865 Om-

482 937 612 1003 Eodem
627 913 1006 992 consiliobdediobsrbus
1025 910 1095 990 ejus
1109 925 1227 968 necem
1269 905 1337 968 'nis
1357 904 1393 980 in
1420 903 1484 980 boo
1506 891 1608 984 plsnn¹
1625 915 1703 962 sunt
1722 915 1756 962 et
1780 891 1907 984 operte,
1929 901 2023 978 nihil,

479 1045 516 1104 in
532 1042 637 1122 ipsum
658 1023 888 1112 Septembrem
914 1013 1035 1086 differt.
1078 1007 1228 1092 Vignolii
1283 999 1806 1091 qbodnonssuperioribusjnm
1826 1003 2029 1086 principibus

424 1191 430 1202 .
485 1146 676 1223 arguments
700 1142 754 1200 sut
777 1121 905 1187 infirme
932 1131 1021 1186 sunt.
1045 1125 1116 1188 sut,
1147 1131 1227 1195 quo·
1282 1110 1397 1170 fuisset
1416 1105 1643 1179 obses-ustum,
1672 1103 1705 1164 in
1736 1124 1875 1188 quornm
1897 1117 2027 1168 mom

481 1248 572 1322 niorn
591 1237 661 1316 ejus
687 1223 871 1312 explicandi
889 1209 1226 1302 multoopportuuior
1281 1206 1493 1272 ennomus
1522 1205 1551 1270 si
1580 1205 1699 1270 endem
1729 1207 1940 1269 contentione
1979 1208 2029 1272 usi

482 1353 633 1428 superest
649 1332 751 1407 ustio.
773 1324 904 1390 omnino
920 1321 1056 1384 inutilia.
1099 1320 1227 1382 Astre-
1285 1323 1396 1374 e'ssent
1418 1309 1478 1372 riri
1497 1309 1531 1370 hi
1559 1307 1847 1390 praestantissimi,
1870 1329 1966 1392 quam
1988 1309 2028 1371 ad

483 1440 663 1522 diobarbus
685 1432 724 1496 nd
743 1429 840 1493 iustos
859 1432 1123 1508 suosprovoest,
1144 1435 1228 1504 quos
1284 1433 1459 1476 nunonem
1481 1410 1652 1491 Elsgsbuli
1682 1410 1783 1474 crisin
1804 1411 2026 1490 contulerunt,

483 1527 649 1626 hodieque
674 1533 770 1597 nobis
797 1531 906 1592 debet.
950 1524 1101 1604 Denique
1129 1533 1162 1580 et
1185 1531 1229 1580 ts·
1307 1515 1416 1580 asdem
1441 1513 1504 1576 sibi
1538 1513 1651 1589 iniis,
1682 1483 1816 1596 quadiu
1837 1495 2028 1596 magendo.

485 1649 562 1714 bula
582 1623 1237 1721 uenerantesunosnonmultosRomso
1287 1619 1431 1700 objectis
1464 1611 1673 1677 difficultates
1695 1613 1870 1690 vidissent,
1902 1637 1941 1679 uc
1964 1628 2030 1678 tum

481 1737 613 1834 reperta
632 1757 697 1816 est,
721 1752 755 1799 et
771 1733 856 1810 edita
873 1752 891 1791 s
907 1727 948 1790 cl.
959 1723 1121 1788 Moruello
1136 1718 1181 1801 b)‚
1197 1719 1230 1778 iu
1287 1720 1392 1782 coacti
1409 1717 1548 1778 fuissent
1565 1713 1733 1789 confiteri,
1756 1714 1818 1776 nisi
1834 1735 1851 1775 s
1868 1716 2030 1799 principio

481 1875 545 1940 qua
565 1850 674 1928 legas:
696 1822 1229 1909 1Mr.enES.tu.Av1t.SEvu·
1286 1821 1425 1884 lnnuurii
1448 1817 1627 1878 tribunatus
1649 1815 1781 1877 iteratio
1796 1829 1944 1897 petetur,
1966 1819 2030 1882 Aa.

482 1936 850 2016 ROnLEXANDRQ
866 1922 1229 1996 c‘os.E1DtB.AP1t1·
1274 1936 1454 2006 'gustorum
1475 1917 1551 1979 inde
1567 1915 1606 1978 ub
1622 1917 1785 1978 Antonino
1806 1917 1866 1977 Pio
1888 1919 2029 1984 tribune·

380 2071 387 2080 ·
483 2051 624 2116 Ltssvs.
650 2048 740 2124 Ergo
760 2056 832 2098 cuns
848 2035 880 2096 iu
900 2031 960 2093 huc
976 2028 1142 2090 omittatur
1152 2043 1229 2088 con·
1284 2040 1425 2086 tuscum
1444 2017 1665 2082 consulatibus
1690 2018 1843 2104 componi
1863 2021 1954 2082 nullo
1976 2044 2031 2104 pa.

482 2154 606 2218 sulstus
624 2146 763 2224 conlega
781 2123 996 2217 Elagabalus,
1026 2141 1152 2190 certum
1167 2136 1228 2200 est,
1283 2138 1338 2189 cto
1355 2143 1470 2206 posse,
1493 2141 1529 2182 uc
1549 2134 1616 2182 turn
1634 2119 1771 2181 omissae
1791 2139 1869 2184 suno
1892 2119 2032 2186 fuissent

371 2299 373 2306 ,
483 2277 559 2320 eum
578 2251 656 2312 idib.
671 2242 775 2330 April.
793 2243 855 2322 jum
872 2234 972 2298 fuisso
986 2223 1136 2304 caesum,
1158 2247 1229 2288 ers·
1286 2246 1378 2289 seres
1399 2225 1475 2286 illue
1501 2221 1741 2296 dimicationes,
1770 2241 1861 2304 quoe.
1881 2221 1922 2284 od
1940 2223 2031 2287 evol.

387 2437 390 2444 .
486 2378 542 2432 so,
564 2350 650 2437 quod
670 2357 814 2417 constet,
836 2360 877 2401 ex
898 2335 987 2396 fastis
1001 2332 1070 2415 ejus
1087 2327 1228 2391 nomine.
1285 2326 1411 2392 nendos
1426 2323 1596 2406 Elogubsli
1614 2343 1714 2386 annos
1741 2322 1845 2404 justae
1864 2325 1961 2386 molis
1977 2345 2031 2390 vo-

482 2456 697 2532 Mozzolcnus
708 2460 855 2510 voterem
869 2458 961 2500 suam
978 2431 1169 2495 cantilenum
1186 2428 1227 2489 do
1284 2429 1406 2491 lumine
1419 2425 1633 2511 parturiente.
1657 2426 1832 2500 Ceterum,
1850 2425 1939 2509 quod
1952 2428 2030 2490 sliss

483 2563 600 2624 iterato
616 2553 669 2614 die
681 2553 721 2612 X.
734 2547 816 2618 Dec.
832 2537 906 2600 trib.
925 2547 1084 2618 potestate
1100 2531 1228 2595 recinit.
1284 2531 1382 2592 etism
1402 2527 1529 2601 monui,
1551 2527 1652 2588 nolim
1677 2527 1757 2588 mihi
1773 2531 1895 2609 opponi
1915 2548 2032 2593 numos

486 2659 621 2752 Quaero
646 2672 687 2712 ex
707 2649 777 2712 viro
794 2639 943 2714 erudito,
965 2657 1048 2720 quse
1066 2655 1160 2698 causo
1176 2633 1227 2708 sit,
1286 2631 1468 2704 solitarios,
1493 2616 1547 2714 qui
1574 2628 1740 2691 diversum
1763 2629 1877 2691 smeis
1899 2651 2035 2715 praece·

485 2775 629 2838 corpor
654 2767 769 2814 omnes
798 2739 967 2824 Elsgsbnli
994 2758 1093 2800 snuos
1120 2733 1229 2795 nullus
1285 2735 1349 2819 ptis
1366 2732 1486 2794 docere
1501 2721 1767 2793 nummolum
1777 2729 1849 2812 jure
1868 2751 2031 2815 quaerum,
2084 2749 2092 2760 ·

486 2869 743 2926 exustorum,
768 2846 854 2932 quis
872 2837 1229 2903 dictodieX.Decem·
1284 2857 1326 2900 sn
1346 2835 1387 2910 ti,
1419 2833 1474 2916 qui
1498 2849 1613 2893 numos
1634 2832 1694 2892 hos
1720 2831 1946 2915 descripsere,
1977 2837 2032 2898 vei

395 2979 401 2992 ·
485 2962 556 3026 bris
579 2977 640 3041 per
664 2952 811 3034 reliquos
837 2944 952 3008 saltem
972 2939 1045 3002 xit.
1070 2933 1230 3017 ejussuni
1285 2938 1385 3000 etism
1407 2932 1580 2998 monetarii
1605 2943 1756 3014 veteres,
1786 2935 1842 3018 qui
1868 2954 1925 2996 eos
1953 2935 2034 2998 scol·

421 3065 425 3074 '
486 3065 558 3127 dies
582 3061 725 3141 signatus
747 3062 844 3112 esset.
887 3045 968 3104 Nam
993 3039 1137 3118 inhujus
1159 3056 1230 3098 seu·
1286 3057 1402 3122 psum,
1427 3055 1467 3098 eo
1485 3035 1560 3098 loco
1575 3055 1671 3117 supro
1687 3033 1856 3097 humanum
1873 3034 2033 3098 conditio·

487 3165 588 3230 tentia
607 3163 780 3244 oporteret
788 3163 961 3231 superesse
978 3139 1092 3204 saltem
1104 3135 1229 3216 sliquos
1286 3157 1361 3204 nem
1380 3137 1520 3210 fuerint,
1545 3149 1579 3200 ut
1598 3135 1687 3198 „ulla
1709 3120 1812 3220 'ngst
1833 3156 1906 3198 mg
1924 3137 2032 3219 1apuu

478 453 549 544 nso

356 3267 360 3284 '
485 3283 603 3329 numos
619 3255 792 3337 inscriptos
810 3251 879 3314 Til.
891 3247 926 3310 P.
938 3247 976 3304 11.
995 3239 1088 3302 COS.
1098 3239 1151 3299 vel
1160 3237 1228 3299 Til.
1287 3238 1452 3322 suspicio?
1475 3239 1511 3300 lu
1531 3259 1645 3300 museo
1657 3242 1836 3314 Caesareo,
1859 3237 1946 3322 quod
1960 3237 2033 3302 Ela-

486 3369 525 3432 Ρ.
540 3365 597 3428 111.
609 3358 702 3426 COS.
712 3359 753 3418 11.
769 3351 822 3417 vel
840 3351 908 3414 To.
923 3347 960 3405 P.
980 3341 1049 3405 1111.
1064 3340 1157 3404 COS.
1173 3341 1234 3427 111.ι
1287 3341 1394 3426 gabuli
1416 3361 1533 3403 numos
1557 3341 1725 3405 commatis
1748 3341 1887 3404 Romani
1904 3339 2032 3403 CLXX,

487 3466 542 3537 vel
558 3466 632 3527 ru.
646 3465 683 3524 P.
697 3459 739 3526 V.
758 3453 851 3520 003.
871 3451 945 3525 111.,
967 3463 1106 3538 quorum
1122 3453 1230 3502 tamen
1287 3446 1399 3530 plures
1413 3444 1574 3518 continet,
1597 3463 1638 3506 ne
1655 3462 1738 3503 unus
1748 3439 1880 3524 quidem
1892 3423 1958 3516 est,
1977 3437 2033 3524 qui

361 3629 364 3638 .
488 3568 628 3634 similem
646 3563 680 3623 in
698 3557 790 3622 nullo
806 3565 861 3617 sut
880 3568 1011 3626 museo,
1032 3541 1161 3610 untiido
1179 3563 1231 3606 cs·
1288 3569 1361 3611 me
1387 3567 1451 3609 non
1476 3527 1570 3610 u'trro·
1588 3543 1725 3608 traditae
1749 3562 1838 3608 ,me
1863 3541 2030 3606 doctrina„

488 3673 600 3756 tslogo
617 3666 774 3730 hacteuus
792 3651 916 3739 reperi.
1285 3647 1526 3714 incommodet.

763 3869 786 3909 ⁴
846 3819 869 3860 ι
931 3863 953 3903 ⁶
1486 3852 1825 3915 Ancxdtvoett.

550 3973 719 4037 Sententia
733 3969 811 4039 IV..
834 3977 917 4044 quoe
935 3971 986 4020 est
1004 3969 1231 4035 mesgsecun·

382 4145 386 4157 ,
490 4073 568 4136 dum
596 4061 690 4155 qus'm
712 4062 909 4147 Elagabalus
936 4058 1011 4120 trib.
1035 4069 1230 4141 potestatem
1352 4049 1404 4114 Ab
1417 4051 1512 4134 hujus
1530 4071 1659 4135 quoquc
1680 4051 1820 4136 Augusti
1838 4051 1944 4112 nornis
1960 4069 2033 4112 seu·

484 4187 614 4256 ‘ceptam
645 4157 811 4235 dio'XVl·
833 4161 912 4246 Maii
939 4163 980 4229 V.
1007 4161 1042 4222 C.
1066 4179 1124 4243 97¹
1158 4175 1234 4240 pro·
1290 4151 1923 4236 tentismesinsignitercomprobstnr,
1946 4149 2033 4236 quod

489 4274 585 4340 simis
613 4267 773 4358 Kalendis
803 4267 870 4327 lan.
898 4261 1046 4336 iteravit,
1079 4271 1116 4322 et
1145 4257 1235 4320 deiu-
1290 4254 1446 4346 contiuno
1470 4253 1600 4338 pstebit
1619 4255 1806 4320 consulstus
1836 4274 1911 4318 curu
1932 4252 2035 4316 tribu·
2087 4253 2098 4276 ⁸

489 4398 569 4462 ceps
599 4369 716 4437 eodem
748 4367 802 4428 dio
824 4366 943 4428 eodem
965 4360 1083 4440 modo,
1113 4379 1177 4444 quo
1198 4359 1234 4420 in
1289 4357 1417 4422 nutibus
1447 4357 1667 4438 componenti.
1710 4356 1781 4434 Illi,
1815 4357 1871 4441 qui
1900 4376 1959 4421 θος
1981 4353 2035 4417 die

488 4472 762 4569 praecedentibus
790 4467 945 4552 Augustis
982 4462 1139 4539 vidimus,
1174 4461 1234 4523 ite·
1290 4459 1390 4523 ustsli
1418 4459 1548 4542 imperii
1570 4472 1743 4523 renovatos
1765 4470 1928 4535 statuunt,
1962 4477 2036 4522 esu·

515 4609 2026 4650 ...---—-—-·-·-··—··········—··-·········-·—···

522 4695 557 4765 u)
578 4691 615 4750 de
635 4705 714 4750 nuno
732 4685 755 4747 l.
772 4681 857 4742 Alex.
878 4679 946 4746 Ser.
983 4741 988 4754 ⁸
1018 4673 1053 4740 bl
1073 4671 1111 4732 se
1130 4669 1206 4734 Stilo
1225 4670 1315 4730 inser.
1333 4691 1402 4753 pag.
1423 4681 1486 4740 170.
