4482 5560
461 439 568 535 aaa·
704 435 962 522 oarvr‘ttt.
1013 393 1231 568 noumvs

463 635 498 713 in
521 633 691 716 utriusque
708 629 848 713 Augusti
871 642 1008 691 moneta.
1050 629 1211 692 Proxima

463 750 539 820 post
561 737 621 798 ltos
643 748 844 820 praenomen
868 731 910 796 D.
927 733 966 792 N.
983 730 1127 793 delatum
1147 731 1209 794 fuit

462 835 671 916 Diocletiano
701 848 735 896 et
758 832 970 909 Maximiano,
995 831 1055 896 sed
1079 833 1210 906 nonnisi

463 960 506 1008 ex
521 958 587 1024 qno
602 937 775 1024 imperium
788 953 942 1023 posuere.
964 934 1129 1024 Deinceps
1144 955 1210 996 ma·

464 1041 515 1125 gis
535 1039 745 1115 Caesaribus,
768 1057 861 1121 quam
883 1035 1036 1116 Augustis
1061 1035 1139 1118 ipsis
1160 1035 1208 1098 in·
1230 1061 1233 1070 ¹

464 1155 555 1208 certe
577 1162 689 1217 canu,
711 1153 747 1202 ut
761 1137 828 1199 dixi
842 1138 876 1198 in
892 1136 997 1199 numia
1015 1136 1134 1201 Licinii
1157 1159 1210 1219 pa·

465 1223 534 1318 tra.
577 1242 730 1326 oratque
753 1240 836 1302 sttaa
859 1237 936 1303 tnta
961 1261 980 1301 a
1005 1236 1209 1321 constantias

464 1347 510 1411 tt.
526 1341 602 1405 iiliis
615 1361 814 1426 praenomen
828 1359 1000 1404 commone
1016 1341 1117 1402 evasit
1131 1338 1208 1402 abo-

464 1445 524 1507 lito
540 1445 705 1526 paullatim
721 1437 932 1527 praenomine
947 1443 1054 1516 1ΜΡ.,
1073 1456 1107 1503 et
1121 1440 1209 1502 dein·
1236 1514 1243 1522 ·

464 1563 543 1628 caps
557 1558 646 1607 tanto
662 1544 796 1607 invaluit
812 1563 932 1625 opere,
953 1556 1007 1618 nt,
1030 1542 1057 1604 si
1075 1542 1145 1626 quis
1160 1543 1209 1604 lu·

462 1645 602 1708 atiniano
632 1659 789 1728 regnante
823 1663 884 1726 pro
909 1649 1056 1708 dominus
1083 1643 1209 1707 diceret

461 1747 657 1830 imperator,
680 1759 714 1808 et
728 1765 790 1828 pro
808 1751 938 1810 domina
955 1746 1113 1826 Angusta,
1138 1759 1208 1808 tum

463 1861 498 1912 et
516 1849 723 1931 magistratus
742 1848 837 1910 aliter
860 1867 955 1928 quam
974 1868 1082 1910 servos
1098 1848 1208 1930 appel·

460 1950 563 2028 leret,
587 1952 615 2010 is
632 1949 822 2011 manifestae
840 1948 994 2031 injuriae,
1017 1962 1071 2010 ant
1092 1949 1207 2012 saltem

461 2053 648 2114 rusticitatis
671 2071 747 2113 reus
772 2049 951 2112 haberetur
967 2051 1007 2130 ¹).

524 2155 576 2217 Dc
614 2153 746 2216 nomina
781 2147 1029 2214 AGCHOTHC
1060 2151 1206 2234 ejusdem

460 2256 535 2321 fere
546 2253 809 2336 significationis,
824 2267 857 2315 et
873 2251 961 2336 quod
975 2271 1051 2316 sero
1065 2251 1206 2338 deniquo

459 2355 615 2432 invaluit,
638 2375 771 2436 agemus
789 2353 874 2416 inira
889 2354 922 2415 in
937 2366 1074 2418 tractatu
1090 2353 1131 2418 de
1149 2378 1207 2417 nu·

459 2459 523 2519 mis
537 2455 641 2517 infimi
659 2457 741 2524 aevi.
779 2458 934 2520 Ceterum
953 2469 986 2517 et
1004 2457 1083 2519 haec
1100 2456 1206 2540 digni·

459 2557 534 2622 tatis
561 2556 716 2622 vocabola
741 2575 893 2618 successu
918 2558 1074 2640 temporis
1098 2560 1206 2641 splen·

359 2709 363 2722 .
459 2657 576 2721 dorem
605 2658 764 2732 amisere,
784 2669 829 2719 ·et
853 2674 1057 2741 compertum
1084 2674 1135 2722 ast
1163 2681 1205 2722 ex

458 2759 694 2831 marmoribus,
711 2759 820 2820 intima
833 2770 937 2822 aetate
953 2765 1084 2824 Domini
1091 2767 1206 2826 Nostri

437 2857 440 2864 ’
460 2874 495 2926 et
514 2858 656 2926 Asunora
671 2860 829 2927 vocabula
844 2860 968 2924 indulta
986 2864 1083 2926 etiam
1102 2862 1203 2926 foisse

459 2963 646 3027 oonsulibus
669 2983 736 3025 non
755 2966 909 3048 Augustis
928 2965 983 3030 vel
1001 2964 1203 3042 Caesaribus,

459 3083 526 3148 quo
557 3064 599 3126 de
629 3079 824 3147 argumento
852 3065 927 3128 vide
950 3065 1203 3130 Dissertationea

457 3165 607 3228 Eduardi
632 3159 796 3241 Cominii,
834 3186 916 3249 qnae
951 3181 1025 3230 sunt
1058 3186 1203 3230 annexae
1232 3239 1243 3258 ·

458 3265 530 3348 rjus
548 3268 641 3352 operi
659 3273 699 3330 de
714 3273 801 3348 notis
819 3273 1028 3348 Graecorum,
1047 3292 1081 3354 p.
1092 3265 1181 3338 Vlll.

824 3365 843 3405 s

521 3469 635 3532 Restat
649 3413 761 3530 titulo:
773 3415 1026 3534 BAZ'IKEQE
1033 3516 1041 3546 ,
1056 3470 1200 3535 asota.

456 3572 543 3634 Euro
562 3570 639 3634 satis
659 3583 783 3634 mature
802 3571 980 3663 scriptores
998 3572 1117 3636 Graeci
1137 3573 1202 3636 Dio

458 3673 728 3768 Chrysostomus,
755 3675 936 3762 Appianas,
965 3675 1202 3760 Athenagoras,

1266 436 1477 540 rossam
1514 393 1771 521 stamma

1266 627 1444 704 Aristides,
1475 627 1594 716 aliique
1623 626 1825 720 principibus
1855 622 2010 716 Romanis

1265 751 1329 813 pro
1354 729 1487 793 nomine
1516 729 1665 810 legitimo
1693 724 1915 814 simonemque
1936 745 2011 796 sunt

1264 829 1442 915 impertiti,
1466 830 1557 912 cujus
1576 829 1655 894 facti
1674 831 1859 898 testimonia
1877 853 2009 920 possum

1264 932 1424 1010 reticere,
1457 934 1531 1017 quia
1561 955 1710 1018 magnam
1740 935 1868 1018 pridem
1895 955 2010 1000 eorum

1265 1037 1392 1120 copiam
1428 1033 1580 1118 collegit,
1617 1049 1650 1097 et
1681 1056 1722 1097 ex
1753 1036 1920 1125 locuplete
1950 1058 2013 1102 suo

1266 1156 1370 1200 cornu
1418 1125 1589 1219 propo'sttit
1639 1135 1823 1199 indefessus
1867 1139 2012 1221 spanhe-

1266 1238 1348 1298 mius
1363 1237 1407 1320 b).
1451 1237 1566 1319 Neque
1589 1237 1659 1326 ejus
1683 1237 1716 1299 in
1738 1239 1845 1301 numis
1867 1239 2009 1303 Graeco·

1264 1360 1337 1400 rum
1377 1337 1493 1400 desunt
1530 1336 1696 1422 exempla,
1736 1341 1799 1404 etsi
1835 1331 2010 1404 admodum

1266 1461 1349 1502 rara.
1403 1441 1508 1501 Notus
1529 1460 1646 1502 numus
1669 1442 1819 1524 Capltyae
1840 1441 2010 1520 Arcadiae,

1267 1542 1322 1626 qni
1334 1541 1530 1614 caracallam
1546 1541 1687 1625 appellat
1701 1540 2009 1608 ΑΝΤΩΝΙΝΟΝ.

1265 1640 1448 1718 Baetica,
1481 1655 1547 1704 turn
1571 1655 1604 1704 et
1626 1644 1715 1704 numi
1738 1643 1907 1707 Commodi
1918 1635 1930 1718 ,’
1956 1645 2038 1706 lli-¹

1266 1763 1363 1807 casae
1387 1757 1420 1806 et
1440 1743 1490 1820 cjii
1513 1744 1682 1825 Bithyniae
1706 1745 1857 1823 urbibus,
1885 1727 2025 1810 tum-et·

1265 1844 1442 1910 Caesareae
1462 1845 1684 1932 Cappadociae
1706 1841 1823 1929 signati
1844 1868 1917 1910 cum
1940 1849 2009 1933 epi·

1265 1946 1406 2030 graphas
1450 1945 1690 2009 ΚΟΜΟΔΟΤ.
1726 1941 2008 2012 BaetAeTON·

1266 2043 1364 2112 roc.
1387 2049 1425 2108 0.
1448 2047 1650 2114 stocMon
1675 2043 1892 2122 ararites.
2002 2032 2007 2040 '

1327 2152 1355 2210 Α
1365 2153 1588 2214 Rornanorum
1605 2163 1733 2212 moneta
1748 2170 1868 2213 nomen
1882 2137 2009 2236 regium

1263 2251 1379 2335 procul
1404 2251 1504 2314 inisse
1528 2251 1691 2328 habitunt,
1720 2251 1838 2316 mirum
1858 2271 1923 2316 non
1948 2267 2007 2330 est,

1264 2353 1339 2436 quia
1354 2373 1472 2416 nomen
1488 2355 1615 2437 regium
1631 2354 1708 2417 inde
1725 2377 1740 2416 a
1757 2355 1860 2440 pulsis
1875 2356 2008 2438 regibus

1262 2455 1417 2517 Romanis
1438 2475 1569 2540 semper
1592 2453 1694 2517 foisse
1714 2455 1855 2520 invisum
1872 2473 2008 2537 constat,

1263 2571 1359 2638 atque
1378 2558 1439 2618 etei
1454 2556 1735 2622 Constantinuslli.
1750 2555 1914 2636 diadema,
1934 2581 2008 2643 pro·

1262 2657 1369 2740 prium
1388 2681 1502 2742 regum
1523 2674 1709 2743 gestamen,
1730 2661 1825 2742 capiti
1843 2653 2009 2744 imposuit,

1262 2761 1340 2845 quin
1378 2774 1413 2824 et
1442 2760 1695 2825 Hanniballiano
1730 2763 1842 2843 nepoti
1878 2777 2007 2846 partem

1260 2861 1359 2924 Ponti
1381 2884 1456 2928 eom
1478 2861 1567 2946 regis
1589 2861 1682 2924 titulo
1705 2861 1821 2937 cessit,
1845 2865 2007 2949 usurpare

1261 2979 1371 3028 tamen
1391 2985 1512 3027 nomen
1535 2963 1624 3046 ragis
1644 2982 1739 3025 ausus
1754 2983 1821 3025 non
1845 2979 1904 3028 est.
1943 2964 2007 3030 'Se-

1260 3065 1350 3144 rios,
1371 3087 1414 3129 ne
1437 3065 1560 3151 aliquid
1585 3063 1706 3130 veteris
1730 3064 1867 3128 instituti
1892 3087 2006 3151 snper·

1260 3183 1365 3246 esset,
1388 3185 1505 3234 catere
1522 3165 1682 3252 postremi
1699 3165 1846 3232 Orientis
1867 3167 2006 3252 impert·

1260 3282 1367 3347 tores,
1383 3249 1488 3332 obviis
1501 3269 1784 3352 inscriptionibus:
1798 3267 2006 3334 MIXAHA.

1258 3366 1501 3436 Bacttterc.
1519 3403 1562 3419 -
1584 3367 1757 3438 sslCTOI.
1779 3369 2005 3438 Bactnetc.

1260 3467 1521 3549 ΡωΜΑΙωΝ,
1544 3487 1578 3535 at
1596 3472 1767 3538 similibus.
1807 3475 1872 3539 Sed
1890 3475 1955 3561 jam
1973 3488 2007 3538 et

1259 3570 1434 3637 Eusebium
1466 3572 1646 3639 Constantii
1676 3577 1717 3642 11.
1758 3597 1897 3642 osorem
1931 3579 2007 3640 Am-

1259 3675 1386 3744 mianus
1407 3677 1536 3748 vocarit
1560 3683 1706 3763 rapinam
1721 3677 1761 3760 e).
