4430 5568
231 471 257 498 a
349 429 352 434 ’
483 485 559 556 „0
956 495 960 504 -
1095 449 1428 529 otrvuxrv.

487 653 598 713 auitas
614 652 754 728 loqutus,
780 643 994 705 Victoriarum
1018 657 1118 701 aurea
1136 642 1239 700 simu*
1287 643 1419 714 paratu,
1452 641 1486 694 et
1511 627 1704 710 continuatis
1730 633 1926 718 perplures
1947 635 2032 720 ‚dise

488 755 579 816 lucra
603 749 830 812 Valentiniano
861 745 901 805 ob
922 741 1047 819 imperii
1067 741 1230 816 primitias
1287 733 1477 796 muneribus
1492 731 1593 798 luisse
1616 731 1798 813 celebrate,
1818 755 1862 800 ex
1878 749 2030 802 umerum

488 854 671 922 oblatum,
701 844 951 912 nimirum'cum
973 839 1000 901 is
1026 835 1068 900 ob
1093 837 1228 899 eandem
1288 835 1415 917 scriptis
1431 833 1654 916 intelligimus.
1675 835 1844 901 Pouoaltic
1864 839 2032 904 solumlu·

489 967 618 1014 caueam
644 959 717 1012 uota
745 939 993 1028 quinquennalia
1018 952 1229 1022 nuncuparet.
1287 937 1344 999 bet
1359 937 1539 1020 attingere,
1570 934 1687 1016 portion
1706 937 1779 1021 quia
1798 953 2028 1020 argumentum

487 1051 591 1126 Vide,
614 1069 696 1132 qm
713 1037 1229 1123 deprissopiflmpfflivemfin.
1284 1035 1355 1102 hoo
1375 1038 1438 1120 jum
1471 1038 1600 1131 erudite
1627 1039 1780 1121 exposuit
1812 1041 1962 1104 Norisios
1983 1041 2032 1124 d),

489 1152 576 1232 sigui
596 1149 788 1211 sliadixiin
806 1143 912 1208 numis
931 1141 1109 1204 Octaviani.
1154 1137 1229 1229 Quo
1284 1141 1401 1226 partim
1414 1138 1507 1224 quia,
1529 1140 1557 1201 si
1575 1139 1942 1222 quisinlrisimperater
1957 1143 2028 1205 sine

488 1252 565 1315 loco
586 1271 652 1311 uon
682 1249 793 1333 utique
822 1241 1057 1318 omittendum,
1087 1238 1174 1323 quod
1196 1241 1229 1301 in
1285 1241 1477 1323 sumptibus,
1496 1240 1566 1303 sive
1583 1255 1716 1324 stupore
1735 1241 2031 1320 modumexoessit,

489 1347 719 1416 Alexandrinis
734 1349 970 1437 Aegyptiorum
992 1344 1099 1405 nuruis
1118 1341 1231 1403 obser·
1286 1343 1373 1405 istud
1389 1342 1452 1424 jam
1471 1339 1512 1402 ad
1529 1340 1616 1425 ipsos
1640 1339 1711 1421 ejus
1734 1362 1850 1405 numos
1867 1346 2031 1410 enarrari·

362 1461 369 1478 ⁸
488 1473 611 1517 sumus.
635 1455 670 1512 ln
682 1451 798 1512 borum
815 1447 902 1508 enirn
921 1466 996 1510 area
1012 1445 1088 1506 inde
1104 1443 1144 1504 ab
1155 1442 1231 1504 Ale·
1287 1465 1369 1506 snus.
1390 1445 1420 1505 Α
1437 1441 1601 1506 sacrificiis
1617 1442 1735 1504 sactum
1753 1443 1899 1524 initium,
1921 1459 1956 1512 οι
1971 1465 2039 1508 uu·-

456 1599 459 1605 -
488 1555 614 1617 :andro
639 1552 714 1616 Sev.
735 1563 857 1614 tantum
879 1563 955 1611 tuno
973 1558 1141 1630 comparet
1165 1542 1231 1626 pal·
1288 1544 1333 1607 mi
1359 1543 1498 1620 docent,
1529 1558 1563 1607 et
1584 1555 1735 1607 notorum
1761 1559 1875 1609 ustura
1896 1565 2032 1630 persua·

489 1675 562 1718 mae
586 1675 711 1729 ramus,
755 1649 883 1732 quando
908 1649 1087 1730 imperator
1112 1665 1230 1707 annum
1288 1645 1356 1708 dst.
1399 1643 1490 1707 Haec
1512 1664 1676 1726 excepere
1699 1643 1769 1706 ludi
1786 1645 1972 1724 circenses,
1995 1661 2032 1712 et

487 1755 669 1839 imperiiX.
685 1754 773 1837 juxta
788 1751 1023 1833 Aegyptiorum
1043 1760 1230 1832 computum
1288 1749 1475 1812 theatrales.
1520 1746 1713 1829 Panegyrioi
1736 1766 1865 1830 quoque
1880 1748 1913 1810 iu
1928 1748 2032 1834 impe·

490 1871 541 1919 est
558 1854 756 1936 auspicatus,
789 1866 822 1913 et
840 1852 922 1912 uotis
946 1849 1029 1911 odeo
1047 1847 1231 1911 decennali·
1287 1863 1432 1912 satorum
1453 1845 1564 1910 laudes
1581 1847 1727 1922 recitati,
1751 1868 1889 1930 quorum
1905 1851 2031 1933 aliquot

488 1958 550 2020 bus
568 1955 734 2020 solvendis
753 1953 861 2014 locum
879 1951 968 2012 lenit.
991 1949 1089 2032 Atqui
1104 1947 1230 2033 pulmse
1288 1951 1453 2034 hodieque
1476 1963 1668 2031 supersunt,
1697 1949 1844 2028 Nausrii,
1865 1951 2031 2014 ldsmerti-

489 2079 614 2120 ramum
631 2054 797 2126 Victoriae
815 2073 887 2116 esse
902 2049 1109 2128 attributum,
1131 2049 1232 2112 nemi·
1287 2053 1341 2130 ui,
1362 2049 1516 2126 Eusebii,
1537 2049 1720 2114 Themistii.

489 2159 524 2219 ni
547 2178 611 2220 non
642 2172 767 2222 nutum.
810 2154 971 2230 Consule,
1002 2171 1083 2234 quae
1106 2149 1147 2212 de
1168 2151 1232 2214 hoc
1653 2214 1674 2253 ι

490 2279 583 2322 more
609 2257 640 2319 in
659 2259 795 2341 portel.
818 2255 912 2337 hujus
933 2253 1042 2340 operis
1061 2249 1232 2314 aduumos
1571 2262 1591 2302 s
1736 2262 1756 2303 a

490 2358 731 2423 Alexandrinos
746 2358 887 2420 Gallieni
908 2353 1091 2418 observavi.
1133 2351 1231 2414 Numi
1349 2353 1516 2431 Diximus,
1540 2355 1717 2438 Augustum
1729 2355 1844 2416 horum
1859 2356 1960 2420 luisse
1975 2375 2029 2420 sc·

490 2474 639 2525 votorum
658 2461 750 2522 aurei
764 2456 1157 2539 ConstantiiCbloriAug.
1169 2473 1230 2556 pro
1288 2453 1406 2518 torum'
1427 2470 1605 2554 auctorem.
1656 2456 1887 2538 Inquirendum
1918 2471 2029 2532 restit,

488 2565 585 2627 solito
599 2562 766 2630 Victoriae
783 2577 860 2642 typo
876 2559 1043 2620 adstitutas
1059 2557 1178 2619 habent
1194 2556 1232 2616 li·
1288 2574 1352 2638 quo
1379 2556 1436 2618 illu
1465 2569 1615 2640 tempore
1649 2555 1853 2622 desiverint.‘
1882 2559 1933 2621 Ex
1963 2579 2029 2646 quo

487 2679 575 2728 teras
596 2663 764 2743 colligatas
783 2657 877 2734 ΝΚ.,
899 2680 977 2743 quas
999 2648 1246 2740 legendnst·'
1287 2656 1407 2718 insonis
1435 2655 1492 2719 ills
1522 2658 1702 2742 sumptibus
1732 2660 1847 2743 peragi
1873 2679 2027 2745 coepere,

486 2765 554 2840 Κη,
578 2757 894 2824 suolocoiudicsvi.
931 2759 1065 2843 Reliqui
1079 2773 1230 2824 votorum
1288 2757 1518 2821 deludentium
1533 2758 1763 2843 multiplicari,
1792 2781 2029 2849 cumsuspro·

487 2865 555 2947 typi
577 2861 660 2926 nihil
674 2880 873 2944 magnopere
887 2857 1167 2926 animadversione
1185 2858 1231 2920 di·
1288 2861 1356 2944 pris
1394 2860 1552 2924 haberent
1583 2861 1741 2944 Augusti,
1780 2863 1956 2940 Caesares,
1994 2878 2029 2930 ct

488 2987 586 3050 gnum
607 2965 759 3028 offerunt.
804 2964 957 3027 Ceterum
969 2961 1230 3027 Vlotoriamuon
1287 2961 1461 3043 conlegae,
1494 2961 1600 3025 serius
1628 2963 1918 3047 etismutriusque
1938 2965 2028 3030 orbis

487 3065 586 3129 modo
602 3079 751 3130 votorum
768 3063 995 3126 decennalioro
1010 3060 1232 3144 sedquorum-
1287 3061 1470 3145 principes,
1501 3063 1612 3146 grevia
1639 3063 1709 3125 sine
1726 3062 1825 3127 dubio
1847 3067 1908 3129 toti
1927 3068 2027 3152 impe·

353 3195 357 3202 ⁴
488 3187 616 3251 cunque
630 3166 769 3229 oliorum
784 3165 885 3228 fuisse
898 3163 1087 3238 ministram,
1111 3163 1230 3226 docent
1285 3165 1337 3226 rio
1360 3164 1566 3231 exstiterunt.
1607 3164 1765 3246 Legimus
1782 3165 1913 3249 quidem
1937 3191 2027 3252 prse-

486 3268 643 3330 luceruae
667 3283 798 3331 veteres
820 3265 904 3350 apud
926 3263 1110 3328 Bellorium
1126 3263 1175 3346 ¹),
1197 3277 1230 3327 et
1286 3279 1339 3328 ter
1361 3264 1589 3330 incredibilem
1617 3267 1652 3328 in
1682 3265 1733 3328 his
1755 3267 2026 3350 magnificentium

437 3441 441 3450 .
486 3367 742 3449 Passeriumb),
771 3367 804 3428 in
827 3363 943 3449 quibus
964 3363 1099 3450 lingitur
1119 3366 1231 3433 Victo·
1286 3367 1409 3449 amplas
1439 3368 1536 3430 etism
1566 3367 1757 3455 largitiones
1785 3368 1819 3430 io
1857 3372 2027 3455 populum,

486 3472 536 3534 ris
564 3491 590 3533 o.
621 3469 749 3552 psl-ae
778 3487 924 3544 ramum,
953 3465 988 3528 d.
1018 3479 1133 3530 tenens
1165 3469 1231 3550 cly·
1287 3467 1437 3534 donstira
1473 3470 1507 3532 in
1543 3469 1664 3533 milites
1696 3469 1796 3547 laets,
1834 3491 1899 3555 quo
1929 3473 2026 3538 modo

485 3593 605 3656 psum,
628 3571 682 3633 cui
702 3571 912 3654 inscriptum:
934 3567 1068 3634 Anno.
1090 3565 1241 3660 NOVO,
1287 3571 1448 3650 Severus,
1478 3571 1703 3634 multisveerte
1722 3571 1793 3655 ipse
1815 3571 2026 3650 moderatior,
2094 3651 2099 3660 ¹

486 3673 706 3743 ansovnt.
725 3686 786 3735 etc.
813 3685 909 3755 atque
930 3669 1014 3733 hooc
1036 3670 1228 3756 allegoriam
1285 3670 1320 3734 iu
1336 3671 1567 3740 decennalibus
1585 3673 1650 3736 sois
1666 3673 1722 3736 HS
1743 3671 1793 3735 bis
1810 3673 1930 3738 millies
1946 3673 2026 3738 effu·

485 3797 553 3838 non
581 3775 684 3844 fuisse
713 3794 831 3839 recens
861 3772 1043 3848 inventum,
1076 3771 1135 3834 sed
1163 3771 1228 3857 jem
1286 3773 1379 3840 derat
1400 3775 1671 3857 testeDioue⁹),
1702 3787 1733 3838 st
1755 3773 1895 3862 legimus
1917 3777 2025 3854 otium,

486 3879 593 3960 primo
620 3876 842 3959 Augustorum
870 3872 1000 3936 soeculo
1032 3887 1229 3958 usurpstsm,
1286 3889 1431 3960 sumptus
1450 3877 1598 3939 inanibus
1618 3876 1669 3940 bis
1686 3877 1821 3940 ludicris
1836 3879 2025 3961 impenden-

486 3978 585 4041 docet
597 3979 733 4042 lucerua
750 3975 864 4041 similis
882 3973 916 4037 iu
931 3973 1112 4043 Herculani
1125 3975 1230 4040 ruinis
1285 3973 1345 4039 dos
1364 3999 1382 4039 s
1406 3976 1551 4056 miseris,
1579 3981 1762 4064 attritisque
1783 3979 2024 4144 provinciisnpo·

488 4091 622 4162 reperta
637 4080 678 4160 ο).
1283 4074 1349 4139 isse
1365 4075 1563 4164 imperatos,
1586 4079 1674 4164 quod
1694 4095 1816 4144 tontum
1838 4081 1939 4166 vulgo
1994 4105 2025 4146 a·

844 4241 865 4281 .
1283 4175 1354 4242 lum
1385 4191 1436 4244 est
1464 4178 1628 4256 hobitum,
1658 4194 1694 4243 ut
1724 4195 1858 4247 auctore
1885 4183 2024 4248 Libaoio

762 4286 783 4326 *
928 4289 948 4329 ⁹
1285 4279 1535 4365 quinquennalia
1577 4283 1867 4368 appropinquantia
1908 4285 2024 4350 horre·

551 4381 644 4446 Haeo
665 4375 750 4444 lssta
773 4377 963 4466 magnifico,
993 4379 1148 4467 isuioqus
1175 4405 1230 4469 sp-
1284 4402 1357 4446 rem
1380 4383 1495 4447 animis
1515 4381 1706 4463 injicerent,
1729 4383 1910 4452 seditiones
1925 4387 2022 4451 stiam

524 4620 555 4688 u)
574 4617 701 4678 Lucem.
716 4628 774 4675 aut.
788 4617 818 4676 P.
834 4615 884 4675 Ill.
903 4615 964 4675 tab.
981 4627 1008 4680 5.
1080 4616 1116 4688 b)
1134 4617 1260 4676 Luceru.
1276 4613 1335 4679 fiel.
1353 4617 1414 4682 lab.
1428 4617 1483 4680 vl.
1562 4621 1589 4694 c)
1607 4617 1740 4682 Lucem
1756 4617 2021 4686 d'Eruol.tsb.V1.

488 4707 522 4780 d)
542 4703 580 4764 de
597 4703 666 4764 Vol.
679 4705 751 4766 dec.
770 4727 834 4784 cap.
853 4707 875 4765 l.
949 4705 1030 4780 e)1·.
1049 4705 1180 4766 Lxxvt.
1200 4707 1225 4780 l.
1246 4723 1270 4766 t.
