<?xml version="1.0" encoding="UTF-8"?>
<!DOCTYPE html PUBLIC "-//W3C//DTD XHTML 1.0 Transitional//EN"
    "http://www.w3.org/TR/xhtml1/DTD/xhtml1-transitional.dtd">
<html xmlns="http://www.w3.org/1999/xhtml" xml:lang="en" lang="en">
 <head>
  <title>
</title>
<meta http-equiv="Content-Type" content="text/html;charset=utf-8" />
  <meta name='ocr-system' content='tesseract 3.04.00' />
  <meta name='ocr-capabilities' content='ocr_page ocr_carea ocr_par ocr_line ocrx_word'/>
</head>
<body>
  <div class='ocr_page' id='page_1' title='image "./doctrinanvmorvm06grangoog/doctrinanvmorvm06grangoog_0405.png"; bbox 0 0 4476 5564; ppageno 0'>
   <div class='ocr_carea' id='block_1_1' title="bbox 485 411 697 548">
    <p class='ocr_par' dir='ltr' id='par_1_1' title="bbox 485 411 697 548">
     <span class='ocr_line' id='line_1_1' title="bbox 485 411 697 548; baseline 0 -14"><span class='ocrx_word' id='word_1_1' title='bbox 485 455 558 548; x_wconf 78' lang='lat' dir='ltr'>eoo</span> <span class='ocrx_word' id='word_1_2' title='bbox 689 411 697 424; x_wconf 52' lang='lat'><strong>⁹</strong></span> 
     </span>
    </p>
   </div>
   <div class='ocr_carea' id='block_1_2' title="bbox 394 623 1252 1628">
    <p class='ocr_par' dir='ltr' id='par_1_2' title="bbox 404 623 1231 928">
     <span class='ocr_line' id='line_1_2' title="bbox 487 623 1231 714; baseline -0.012 -16"><span class='ocrx_word' id='word_1_3' title='bbox 487 633 610 712; x_wconf 89' lang='lat' dir='ltr'>beatis,</span> <span class='ocrx_word' id='word_1_4' title='bbox 632 655 650 698; x_wconf 87' lang='lat' dir='ltr'>a</span> <span class='ocrx_word' id='word_1_5' title='bbox 667 627 868 714; x_wconf 87' lang='lat' dir='ltr'>principibus</span> <span class='ocrx_word' id='word_1_6' title='bbox 884 623 1064 694; x_wconf 89' lang='lat' dir='ltr'>secundnm</span> <span class='ocrx_word' id='word_1_7' title='bbox 1080 625 1154 690; x_wconf 90' lang='lat' dir='ltr'>trib.</span> <span class='ocrx_word' id='word_1_8' title='bbox 1172 644 1231 710; x_wconf 88' lang='lat' dir='ltr'>po·</span> 
     </span>
     <span class='ocr_line' id='line_1_3' title="bbox 411 728 1229 818; baseline -0.018 -13"><span class='ocrx_word' id='word_1_9' title='bbox 411 735 437 780; x_wconf 78' lang='lat'>&#39;·</span> <span class='ocrx_word' id='word_1_10' title='bbox 485 751 636 804; x_wconf 90' lang='lat' dir='ltr'>testatem</span> <span class='ocrx_word' id='word_1_11' title='bbox 652 733 782 818; x_wconf 87' lang='lat' dir='ltr'>imperii</span> <span class='ocrx_word' id='word_1_12' title='bbox 797 752 927 818; x_wconf 89' lang='lat' dir='ltr'>quoque</span> <span class='ocrx_word' id='word_1_13' title='bbox 944 728 1159 796; x_wconf 71' lang='lat' dir='ltr'>succedentes</span> <span class='ocrx_word' id='word_1_14' title='bbox 1177 747 1229 812; x_wconf 75' lang='lat' dir='ltr'>au·</span> 
     </span>
     <span class='ocr_line' id='line_1_4' title="bbox 404 830 1229 928; baseline -0.015 -25"><span class='ocrx_word' id='word_1_15' title='bbox 404 913 412 928; x_wconf 28' lang='grc' dir='ltr'><strong><em>ι</em></strong></span> <span class='ocrx_word' id='word_1_16' title='bbox 483 857 546 906; x_wconf 91' lang='lat' dir='ltr'>nos</span> <span class='ocrx_word' id='word_1_17' title='bbox 575 837 678 900; x_wconf 78' lang='lat' dir='ltr'>luisse</span> <span class='ocrx_word' id='word_1_18' title='bbox 710 847 908 900; x_wconf 83' lang='lat' dir='ltr'>numeratos.</span> <span class='ocrx_word' id='word_1_19' title='bbox 960 830 1058 926; x_wconf 79' lang='lat' dir='ltr'>Quod</span> <span class='ocrx_word' id='word_1_20' title='bbox 1088 830 1229 895; x_wconf 88' lang='lat' dir='ltr'>alterum</span> 
     </span>
    </p>

    <p class='ocr_par' dir='ltr' id='par_1_3' title="bbox 394 936 1252 1628">
     <span class='ocr_line' id='line_1_5' title="bbox 458 936 1229 1024; baseline -0.013 -20"><span class='ocrx_word' id='word_1_21' title='bbox 458 1005 461 1012; x_wconf 82' lang='grc'><strong>,</strong></span> <span class='ocrx_word' id='word_1_22' title='bbox 483 952 552 1024; x_wconf 84' lang='lat' dir='ltr'>est,</span> <span class='ocrx_word' id='word_1_23' title='bbox 583 936 715 1022; x_wconf 86' lang='lat' dir='ltr'>copiosa</span> <span class='ocrx_word' id='word_1_24' title='bbox 735 939 835 1009; x_wconf 79' lang='lat' dir='ltr'>etiarn</span> <span class='ocrx_word' id='word_1_25' title='bbox 856 947 984 1000; x_wconf 85' lang='lat' dir='ltr'>exstant</span> <span class='ocrx_word' id='word_1_26' title='bbox 1008 943 1229 1010; x_wconf 86' lang='lat' dir='ltr'>monumenta,</span> 
     </span>
     <span class='ocr_line' id='line_1_6' title="bbox 486 1034 1230 1124; baseline -0.011 -17"><span class='ocrx_word' id='word_1_27' title='bbox 486 1060 531 1107; x_wconf 88' lang='lat' dir='ltr'>ex</span> <span class='ocrx_word' id='word_1_28' title='bbox 552 1059 690 1124; x_wconf 89' lang='lat' dir='ltr'>quorum</span> <span class='ocrx_word' id='word_1_29' title='bbox 712 1038 916 1122; x_wconf 82' lang='lat' dir='ltr'>praescripto</span> <span class='ocrx_word' id='word_1_30' title='bbox 933 1035 1006 1098; x_wconf 91' lang='lat' dir='ltr'>trib.</span> <span class='ocrx_word' id='word_1_31' title='bbox 1023 1047 1166 1118; x_wconf 87' lang='lat' dir='ltr'>potestas</span> <span class='ocrx_word' id='word_1_32' title='bbox 1183 1034 1230 1099; x_wconf 88' lang='lat' dir='ltr'>sio</span> 
     </span>
     <span class='ocr_line' id='line_1_7' title="bbox 394 1135 1252 1222; baseline -0.009 -16"><span class='ocrx_word' id='word_1_33' title='bbox 394 1139 399 1146; x_wconf 78' lang='grc'><strong><em>’</em></strong></span> <span class='ocrx_word' id='word_1_34' title='bbox 485 1142 652 1208; x_wconf 88' lang='lat' dir='ltr'>numerari</span> <span class='ocrx_word' id='word_1_35' title='bbox 670 1138 789 1218; x_wconf 89' lang='lat' dir='ltr'>debet,</span> <span class='ocrx_word' id='word_1_36' title='bbox 811 1152 847 1204; x_wconf 87' lang='lat' dir='ltr'>ut</span> <span class='ocrx_word' id='word_1_37' title='bbox 865 1137 936 1222; x_wconf 89' lang='lat' dir='ltr'>ejus</span> <span class='ocrx_word' id='word_1_38' title='bbox 955 1135 1084 1200; x_wconf 76' lang='lat' dir='ltr'><strong>iteratio</strong></span> <span class='ocrx_word' id='word_1_39' title='bbox 1104 1155 1145 1200; x_wconf 89' lang='lat' dir='ltr'>eo</span> <span class='ocrx_word' id='word_1_40' title='bbox 1163 1149 1252 1199; x_wconf 53' lang='lat' dir='ltr'>mor¹</span> 
     </span>
     <span class='ocr_line' id='line_1_8' title="bbox 486 1237 1231 1328; baseline -0.008 -20"><span class='ocrx_word' id='word_1_41' title='bbox 486 1244 546 1323; x_wconf 89' lang='lat' dir='ltr'>do,</span> <span class='ocrx_word' id='word_1_42' title='bbox 576 1263 641 1328; x_wconf 91' lang='lat' dir='ltr'>quo</span> <span class='ocrx_word' id='word_1_43' title='bbox 664 1241 754 1318; x_wconf 82' lang='lat' dir='ltr'>disi,</span> <span class='ocrx_word' id='word_1_44' title='bbox 779 1260 899 1324; x_wconf 90' lang='lat' dir='ltr'>nempe</span> <span class='ocrx_word' id='word_1_45' title='bbox 921 1237 1016 1312; x_wconf 77' lang='lat' dir='ltr'>adie</span> <span class='ocrx_word' id='word_1_46' title='bbox 1037 1237 1108 1323; x_wconf 89' lang='lat' dir='ltr'>ejus</span> <span class='ocrx_word' id='word_1_47' title='bbox 1130 1237 1231 1302; x_wconf 89' lang='lat' dir='ltr'>colla-</span> 
     </span>
     <span class='ocr_line' id='line_1_9' title="bbox 483 1341 1230 1424; baseline -0.013 -12"><span class='ocrx_word' id='word_1_48' title='bbox 483 1358 538 1412; x_wconf 84' lang='lat' dir='ltr'>tse</span> <span class='ocrx_word' id='word_1_49' title='bbox 562 1345 709 1410; x_wconf 87' lang='lat' dir='ltr'>ducatur.</span> <span class='ocrx_word' id='word_1_50' title='bbox 730 1344 774 1405; x_wconf 87' lang='lat' dir='ltr'>Et</span> <span class='ocrx_word' id='word_1_51' title='bbox 795 1341 1034 1424; x_wconf 75' lang='lat' dir='ltr'>acquievissent</span> <span class='ocrx_word' id='word_1_52' title='bbox 1055 1361 1132 1404; x_wconf 88' lang='lat' dir='ltr'>sane</span> <span class='ocrx_word' id='word_1_53' title='bbox 1156 1360 1230 1403; x_wconf 93' lang='lat' dir='ltr'>eru·</span> 
     </span>
     <span class='ocr_line' id='line_1_10' title="bbox 485 1442 1231 1528; baseline -0.016 -14"><span class='ocrx_word' id='word_1_54' title='bbox 485 1449 631 1514; x_wconf 87' lang='lat' dir='ltr'>diturum</span> <span class='ocrx_word' id='word_1_55' title='bbox 659 1444 809 1528; x_wconf 88' lang='lat' dir='ltr'>conlegia</span> <span class='ocrx_word' id='word_1_56' title='bbox 835 1443 869 1505; x_wconf 89' lang='lat' dir='ltr'>iu</span> <span class='ocrx_word' id='word_1_57' title='bbox 897 1443 958 1505; x_wconf 85' lang='lat' dir='ltr'>hac</span> <span class='ocrx_word' id='word_1_58' title='bbox 980 1442 1128 1508; x_wconf 83' lang='lat' dir='ltr'>Panvinii</span> <span class='ocrx_word' id='word_1_59' title='bbox 1157 1461 1231 1505; x_wconf 85' lang='lat' dir='ltr'>sen·</span> 
     </span>
     <span class='ocr_line' id='line_1_11' title="bbox 485 1541 1231 1628; baseline -0.013 -12"><span class='ocrx_word' id='word_1_60' title='bbox 485 1551 604 1627; x_wconf 83' lang='lat' dir='ltr'>tentia,</span> <span class='ocrx_word' id='word_1_61' title='bbox 632 1547 695 1610; x_wconf 90' lang='lat' dir='ltr'>nisi</span> <span class='ocrx_word' id='word_1_62' title='bbox 722 1565 816 1610; x_wconf 86' lang='lat' dir='ltr'>causa</span> <span class='ocrx_word' id='word_1_63' title='bbox 839 1545 964 1628; x_wconf 78' lang='lat' dir='ltr'>gravia,</span> <span class='ocrx_word' id='word_1_64' title='bbox 993 1563 1031 1607; x_wconf 86' lang='lat' dir='ltr'>eo</span> <span class='ocrx_word' id='word_1_65' title='bbox 1052 1541 1157 1606; x_wconf 91' lang='lat' dir='ltr'>solida</span> <span class='ocrx_word' id='word_1_66' title='bbox 1176 1561 1231 1606; x_wconf 89' lang='lat' dir='ltr'>re·</span> 
     </span>
    </p>
   </div>
   <div class='ocr_carea' id='block_1_3' title="bbox 378 1643 1230 1736">
    <p class='ocr_par' dir='ltr' id='par_1_4' title="bbox 378 1643 1230 1736">
     <span class='ocr_line' id='line_1_12' title="bbox 378 1643 1230 1736; baseline -0.007 -22"><span class='ocrx_word' id='word_1_67' title='bbox 378 1706 380 1714; x_wconf 92' lang='lat'>.</span> <span class='ocrx_word' id='word_1_68' title='bbox 452 1657 456 1666; x_wconf 84' lang='grc'><strong>“</strong></span> <span class='ocrx_word' id='word_1_69' title='bbox 483 1652 613 1736; x_wconf 80' lang='lat' dir='ltr'>spicere</span> <span class='ocrx_word' id='word_1_70' title='bbox 638 1649 735 1714; x_wconf 81' lang='lat' dir='ltr'>alisna</span> <span class='ocrx_word' id='word_1_71' title='bbox 757 1646 812 1716; x_wconf 77' lang='lat' dir='ltr'>rel</span> <span class='ocrx_word' id='word_1_72' title='bbox 833 1645 951 1712; x_wconf 84' lang='lat' dir='ltr'>invitos</span> <span class='ocrx_word' id='word_1_73' title='bbox 973 1643 1128 1728; x_wconf 86' lang='lat' dir='ltr'>quosdam</span> <span class='ocrx_word' id='word_1_74' title='bbox 1154 1661 1230 1708; x_wconf 91' lang='lat' dir='ltr'>coe·</span> 
     </span>
    </p>
   </div>
   <div class='ocr_carea' id='block_1_4' title="bbox 481 1746 1229 2138">
    <p class='ocr_par' dir='ltr' id='par_1_5' title="bbox 481 1746 1229 2138">
     <span class='ocr_line' id='line_1_13' title="bbox 483 1746 1229 1838; baseline -0.011 -22"><span class='ocrx_word' id='word_1_75' title='bbox 483 1753 597 1838; x_wconf 86' lang='lat' dir='ltr'>gisset.</span> <span class='ocrx_word' id='word_1_76' title='bbox 641 1749 802 1812; x_wconf 84' lang='lat' dir='ltr'>Nimirum</span> <span class='ocrx_word' id='word_1_77' title='bbox 834 1750 1057 1823; x_wconf 81' lang='lat' dir='ltr'>observatum,</span> <span class='ocrx_word' id='word_1_78' title='bbox 1085 1746 1119 1807; x_wconf 93' lang='lat' dir='ltr'>in</span> <span class='ocrx_word' id='word_1_79' title='bbox 1142 1765 1229 1810; x_wconf 90' lang='lat' dir='ltr'>com·</span> 
     </span>
     <span class='ocr_line' id='line_1_14' title="bbox 482 1848 1229 1939; baseline -0.007 -24"><span class='ocrx_word' id='word_1_80' title='bbox 482 1853 630 1939; x_wconf 89' lang='lat' dir='ltr'>pluribus</span> <span class='ocrx_word' id='word_1_81' title='bbox 645 1851 802 1934; x_wconf 79' lang='lat' dir='ltr'>Augustis</span> <span class='ocrx_word' id='word_1_82' title='bbox 823 1869 977 1911; x_wconf 88' lang='lat' dir='ltr'>numeros</span> <span class='ocrx_word' id='word_1_83' title='bbox 995 1848 1072 1910; x_wconf 91' lang='lat' dir='ltr'>trib.</span> <span class='ocrx_word' id='word_1_84' title='bbox 1087 1860 1229 1931; x_wconf 86' lang='lat' dir='ltr'>potesta·</span> 
     </span>
     <span class='ocr_line' id='line_1_15' title="bbox 481 1952 1227 2036; baseline -0.008 -18"><span class='ocrx_word' id='word_1_85' title='bbox 481 1955 523 2018; x_wconf 84' lang='lat' dir='ltr'>tis</span> <span class='ocrx_word' id='word_1_86' title='bbox 541 1952 636 2017; x_wconf 76' lang='lat' dir='ltr'>facile</span> <span class='ocrx_word' id='word_1_87' title='bbox 649 1953 780 2036; x_wconf 88' lang='lat' dir='ltr'>quidem</span> <span class='ocrx_word' id='word_1_88' title='bbox 796 1954 984 2034; x_wconf 88' lang='lat' dir='ltr'>conspirare</span> <span class='ocrx_word' id='word_1_89' title='bbox 999 1969 1073 2014; x_wconf 84' lang='lat' dir='ltr'>curn</span> <span class='ocrx_word' id='word_1_90' title='bbox 1087 1967 1227 2012; x_wconf 89' lang='lat' dir='ltr'>numero</span> 
     </span>
     <span class='ocr_line' id='line_1_16' title="bbox 481 2049 1228 2138; baseline -0.011 -18"><span class='ocrx_word' id='word_1_91' title='bbox 481 2076 657 2128; x_wconf 85' lang='lat' dir='ltr'>surorum,</span> <span class='ocrx_word' id='word_1_92' title='bbox 680 2065 760 2138; x_wconf 90' lang='lat' dir='ltr'>quot</span> <span class='ocrx_word' id='word_1_93' title='bbox 784 2071 842 2117; x_wconf 90' lang='lat' dir='ltr'>eos</span> <span class='ocrx_word' id='word_1_94' title='bbox 864 2053 1043 2134; x_wconf 81' lang='lat' dir='ltr'>imperasse</span> <span class='ocrx_word' id='word_1_95' title='bbox 1068 2061 1159 2114; x_wconf 91' lang='lat' dir='ltr'>certa</span> <span class='ocrx_word' id='word_1_96' title='bbox 1179 2049 1228 2112; x_wconf 91' lang='lat' dir='ltr'>bi·</span> 
     </span>
    </p>
   </div>
   <div class='ocr_carea' id='block_1_5' title="bbox 480 2149 1293 2234">
    <p class='ocr_par' dir='ltr' id='par_1_6' title="bbox 480 2149 1293 2234">
     <span class='ocr_line' id='line_1_17' title="bbox 480 2149 1293 2234; baseline -0.011 -13"><span class='ocrx_word' id='word_1_97' title='bbox 480 2157 583 2222; x_wconf 89' lang='lat' dir='ltr'>storia</span> <span class='ocrx_word' id='word_1_98' title='bbox 608 2156 723 2234; x_wconf 82' lang='lat' dir='ltr'>docet3</span> <span class='ocrx_word' id='word_1_99' title='bbox 760 2167 795 2218; x_wconf 82' lang='lat' dir='ltr'>st</span> <span class='ocrx_word' id='word_1_100' title='bbox 816 2153 1024 2218; x_wconf 83' lang='lat' dir='ltr'>observatum</span> <span class='ocrx_word' id='word_1_101' title='bbox 1048 2151 1163 2228; x_wconf 86' lang='lat' dir='ltr'>etiarn,</span> <span class='ocrx_word' id='word_1_102' title='bbox 1198 2149 1228 2213; x_wconf 89' lang='lat' dir='ltr'>si</span> <span class='ocrx_word' id='word_1_103' title='bbox 1289 2151 1293 2160; x_wconf 84' lang='grc'><em>’</em></span> 
     </span>
    </p>
   </div>
   <div class='ocr_carea' id='block_1_6' title="bbox 417 2253 1230 4788">
    <p class='ocr_par' dir='ltr' id='par_1_7' title="bbox 417 2253 1230 4480">
     <span class='ocr_line' id='line_1_18' title="bbox 454 2253 1230 2342; baseline -0.006 -21"><span class='ocrx_word' id='word_1_104' title='bbox 454 2317 459 2330; x_wconf 88' lang='grc'><em>,</em></span> <span class='ocrx_word' id='word_1_105' title='bbox 480 2259 564 2323; x_wconf 88' lang='lat' dir='ltr'>bano</span> <span class='ocrx_word' id='word_1_106' title='bbox 582 2258 721 2326; x_wconf 78' lang='lat' dir='ltr'>velimus</span> <span class='ocrx_word' id='word_1_107' title='bbox 737 2257 832 2342; x_wconf 90' lang='lat' dir='ltr'>sequi</span> <span class='ocrx_word' id='word_1_108' title='bbox 848 2253 1060 2330; x_wconf 87' lang='lat' dir='ltr'>sententiam,</span> <span class='ocrx_word' id='word_1_109' title='bbox 1088 2253 1123 2315; x_wconf 94' lang='lat' dir='ltr'>in</span> <span class='ocrx_word' id='word_1_110' title='bbox 1140 2273 1230 2318; x_wconf 89' lang='lat' dir='ltr'>com·</span> 
     </span>
     <span class='ocr_line' id='line_1_19' title="bbox 480 2355 1228 2448; baseline -0.005 -24"><span class='ocrx_word' id='word_1_111' title='bbox 480 2360 630 2448; x_wconf 84' lang='lat' dir='ltr'>pluribus</span> <span class='ocrx_word' id='word_1_112' title='bbox 657 2358 811 2444; x_wconf 76' lang='lat' dir='ltr'>Augustis</span> <span class='ocrx_word' id='word_1_113' title='bbox 840 2355 912 2420; x_wconf 88' lang='lat' dir='ltr'>aliis</span> <span class='ocrx_word' id='word_1_114' title='bbox 942 2355 1121 2420; x_wconf 88' lang='lat' dir='ltr'>auctiorem</span> <span class='ocrx_word' id='word_1_115' title='bbox 1152 2373 1228 2420; x_wconf 89' lang='lat' dir='ltr'>esse</span> 
     </span>
     <span class='ocr_line' id='line_1_20' title="bbox 480 2462 1227 2548; baseline -0.013 -18"><span class='ocrx_word' id='word_1_116' title='bbox 480 2465 559 2530; x_wconf 80' lang='lat' dir='ltr'>trib.</span> <span class='ocrx_word' id='word_1_117' title='bbox 581 2462 751 2548; x_wconf 74' lang='lat' dir='ltr'>potestatis</span> <span class='ocrx_word' id='word_1_118' title='bbox 772 2477 961 2536; x_wconf 88' lang='lat' dir='ltr'>numerum,</span> <span class='ocrx_word' id='word_1_119' title='bbox 984 2479 1078 2541; x_wconf 89' lang='lat' dir='ltr'>quam</span> <span class='ocrx_word' id='word_1_120' title='bbox 1098 2471 1134 2542; x_wconf 83' lang='lat' dir='ltr'>ut</span> <span class='ocrx_word' id='word_1_121' title='bbox 1151 2477 1227 2522; x_wconf 88' lang='lat' dir='ltr'>cum</span> 
     </span>
     <span class='ocr_line' id='line_1_21' title="bbox 480 2558 1226 2648; baseline -0.011 -19"><span class='ocrx_word' id='word_1_122' title='bbox 480 2578 653 2648; x_wconf 87' lang='lat' dir='ltr'>tempore,</span> <span class='ocrx_word' id='word_1_123' title='bbox 675 2574 795 2647; x_wconf 89' lang='lat' dir='ltr'>quanto</span> <span class='ocrx_word' id='word_1_124' title='bbox 813 2578 871 2622; x_wconf 89' lang='lat' dir='ltr'>eos</span> <span class='ocrx_word' id='word_1_125' title='bbox 887 2558 1068 2643; x_wconf 78' lang='lat' dir='ltr'>praesulsae</span> <span class='ocrx_word' id='word_1_126' title='bbox 1085 2559 1226 2640; x_wconf 79' lang='lat' dir='ltr'>Imperio</span> 
     </span>
     <span class='ocr_line' id='line_1_22' title="bbox 481 2661 1226 2746; baseline -0.009 -15"><span class='ocrx_word' id='word_1_127' title='bbox 481 2676 625 2740; x_wconf 89' lang='lat' dir='ltr'>constat,</span> <span class='ocrx_word' id='word_1_128' title='bbox 657 2661 810 2746; x_wconf 88' lang='lat' dir='ltr'>componi</span> <span class='ocrx_word' id='word_1_129' title='bbox 832 2673 937 2746; x_wconf 83' lang='lat' dir='ltr'>queat.</span> <span class='ocrx_word' id='word_1_130' title='bbox 983 2662 1033 2722; x_wconf 91' lang='lat' dir='ltr'>En</span> <span class='ocrx_word' id='word_1_131' title='bbox 1053 2661 1226 2743; x_wconf 87' lang='lat' dir='ltr'>utriusque</span> 
     </span>
     <span class='ocr_line' id='line_1_23' title="bbox 479 2760 1226 2848; baseline -0.008 -18"><span class='ocrx_word' id='word_1_132' title='bbox 479 2764 687 2848; x_wconf 85' lang='lat' dir='ltr'>exemplum:</span> <span class='ocrx_word' id='word_1_133' title='bbox 721 2763 897 2848; x_wconf 75' lang='lat' dir='ltr'>Imperavit</span> <span class='ocrx_word' id='word_1_134' title='bbox 923 2761 1070 2844; x_wconf 77' lang='lat' dir='ltr'>Caligula</span> <span class='ocrx_word' id='word_1_135' title='bbox 1102 2760 1178 2826; x_wconf 90' lang='lat' dir='ltr'>inde</span> <span class='ocrx_word' id='word_1_136' title='bbox 1207 2783 1226 2824; x_wconf 84' lang='lat' dir='ltr'>a</span> 
     </span>
     <span class='ocr_line' id='line_1_24' title="bbox 480 2862 1226 2950; baseline -0.008 -20"><span class='ocrx_word' id='word_1_137' title='bbox 480 2868 568 2937; x_wconf 83' lang='lat' dir='ltr'>xvt.</span> <span class='ocrx_word' id='word_1_138' title='bbox 584 2865 637 2928; x_wconf 93' lang='lat' dir='ltr'>die</span> <span class='ocrx_word' id='word_1_139' title='bbox 653 2865 762 2926; x_wconf 78' lang='lat' dir='ltr'>Martii</span> <span class='ocrx_word' id='word_1_140' title='bbox 778 2865 816 2933; x_wconf 87' lang='lat' dir='ltr'>V.</span> <span class='ocrx_word' id='word_1_141' title='bbox 830 2863 867 2928; x_wconf 87' lang='lat' dir='ltr'>G.</span> <span class='ocrx_word' id='word_1_142' title='bbox 881 2881 945 2948; x_wconf 80' lang='lat' dir='ltr'>qqo</span> <span class='ocrx_word' id='word_1_143' title='bbox 961 2880 1064 2945; x_wconf 88' lang='lat' dir='ltr'>usque</span> <span class='ocrx_word' id='word_1_144' title='bbox 1080 2863 1121 2950; x_wconf 86' lang='lat' dir='ltr'>ad</span> <span class='ocrx_word' id='word_1_145' title='bbox 1137 2862 1226 2927; x_wconf 88' lang='lat' dir='ltr'>diem</span> 
     </span>
     <span class='ocr_line' id='line_1_25' title="bbox 480 2964 1226 3048; baseline -0.003 -18"><span class='ocrx_word' id='word_1_146' title='bbox 480 2967 600 3038; x_wconf 79' lang='lat' dir='ltr'>XXIV.</span> <span class='ocrx_word' id='word_1_147' title='bbox 617 2965 756 3031; x_wconf 87' lang='lat' dir='ltr'>ianuarii</span> <span class='ocrx_word' id='word_1_148' title='bbox 773 2969 814 3036; x_wconf 95' lang='lat' dir='ltr'>V.</span> <span class='ocrx_word' id='word_1_149' title='bbox 836 2965 871 3030; x_wconf 88' lang='lat' dir='ltr'>C.</span> <span class='ocrx_word' id='word_1_150' title='bbox 889 2974 963 3048; x_wconf 76' lang='grc'><strong>799.</strong></span> <span class='ocrx_word' id='word_1_151' title='bbox 994 2967 1086 3048; x_wconf 80' lang='lat' dir='ltr'>Ergo</span> <span class='ocrx_word' id='word_1_152' title='bbox 1104 2965 1132 3027; x_wconf 92' lang='lat' dir='ltr'>is</span> <span class='ocrx_word' id='word_1_153' title='bbox 1149 2964 1226 3028; x_wconf 89' lang='lat' dir='ltr'>iter·</span> 
     </span>
     <span class='ocr_line' id='line_1_26' title="bbox 480 3065 1227 3154; baseline 0 -23"><span class='ocrx_word' id='word_1_154' title='bbox 480 3081 538 3144; x_wconf 75' lang='lat' dir='ltr'>sta</span> <span class='ocrx_word' id='word_1_155' title='bbox 548 3069 720 3154; x_wconf 91' lang='lat' dir='ltr'>quotannis</span> <span class='ocrx_word' id='word_1_156' title='bbox 737 3067 856 3132; x_wconf 91' lang='lat' dir='ltr'>eodem</span> <span class='ocrx_word' id='word_1_157' title='bbox 874 3067 984 3131; x_wconf 81' lang='lat' dir='ltr'>Martii</span> <span class='ocrx_word' id='word_1_158' title='bbox 1002 3065 1056 3129; x_wconf 89' lang='lat' dir='ltr'>die</span> <span class='ocrx_word' id='word_1_159' title='bbox 1073 3065 1149 3128; x_wconf 87' lang='lat' dir='ltr'>trib.</span> <span class='ocrx_word' id='word_1_160' title='bbox 1169 3085 1227 3152; x_wconf 92' lang='lat' dir='ltr'>po·</span> 
     </span>
     <span class='ocr_line' id='line_1_27' title="bbox 480 3167 1225 3241; baseline -0.008 -6"><span class='ocrx_word' id='word_1_161' title='bbox 480 3182 598 3235; x_wconf 81' lang='lat' dir='ltr'>testata</span> <span class='ocrx_word' id='word_1_162' title='bbox 618 3171 712 3236; x_wconf 82' lang='lat' dir='ltr'>inivit</span> <span class='ocrx_word' id='word_1_163' title='bbox 733 3169 932 3235; x_wconf 85' lang='lat' dir='ltr'>tribunatum</span> <span class='ocrx_word' id='word_1_164' title='bbox 950 3172 1006 3241; x_wconf 90' lang='lat' dir='ltr'>IV.</span> <span class='ocrx_word' id='word_1_165' title='bbox 1024 3185 1109 3230; x_wconf 87' lang='lat' dir='ltr'>suno</span> <span class='ocrx_word' id='word_1_166' title='bbox 1129 3167 1169 3234; x_wconf 83' lang='lat' dir='ltr'>V.</span> <span class='ocrx_word' id='word_1_167' title='bbox 1189 3167 1225 3232; x_wconf 87' lang='lat' dir='ltr'>C.</span> 
     </span>
     <span class='ocr_line' id='line_1_28' title="bbox 480 3270 1227 3358; baseline -0.005 -22"><span class='ocrx_word' id='word_1_168' title='bbox 480 3271 564 3358; x_wconf 72' lang='grc'><strong>793,</strong></span> <span class='ocrx_word' id='word_1_169' title='bbox 585 3292 652 3357; x_wconf 90' lang='lat' dir='ltr'>quo</span> <span class='ocrx_word' id='word_1_170' title='bbox 674 3272 806 3338; x_wconf 87' lang='lat' dir='ltr'>labente</span> <span class='ocrx_word' id='word_1_171' title='bbox 828 3270 955 3336; x_wconf 87' lang='lat' dir='ltr'>occisus</span> <span class='ocrx_word' id='word_1_172' title='bbox 977 3281 1028 3332; x_wconf 91' lang='lat' dir='ltr'>est</span> <span class='ocrx_word' id='word_1_173' title='bbox 1049 3289 1161 3332; x_wconf 87' lang='lat' dir='ltr'>mense</span> <span class='ocrx_word' id='word_1_174' title='bbox 1180 3271 1227 3332; x_wconf 89' lang='lat' dir='ltr'>Ia·</span> 
     </span>
     <span class='ocr_line' id='line_1_29' title="bbox 480 3369 1227 3460; baseline -0.005 -24"><span class='ocrx_word' id='word_1_175' title='bbox 480 3375 596 3440; x_wconf 85' lang='lat' dir='ltr'>noerio</span> <span class='ocrx_word' id='word_1_176' title='bbox 619 3375 695 3440; x_wconf 89' lang='lat' dir='ltr'>soni</span> <span class='ocrx_word' id='word_1_177' title='bbox 718 3373 899 3460; x_wconf 79' lang='lat' dir='ltr'>sequentis.</span> <span class='ocrx_word' id='word_1_178' title='bbox 938 3369 1050 3434; x_wconf 88' lang='lat' dir='ltr'>Facile</span> <span class='ocrx_word' id='word_1_179' title='bbox 1069 3371 1171 3456; x_wconf 89' lang='lat' dir='ltr'>igitur</span> <span class='ocrx_word' id='word_1_180' title='bbox 1192 3369 1227 3434; x_wconf 88' lang='lat' dir='ltr'>in</span> 
     </span>
     <span class='ocr_line' id='line_1_30' title="bbox 479 3473 1228 3559; baseline -0.001 -19"><span class='ocrx_word' id='word_1_181' title='bbox 479 3477 628 3543; x_wconf 83' lang='lat' dir='ltr'>I’snriuii</span> <span class='ocrx_word' id='word_1_182' title='bbox 649 3475 810 3541; x_wconf 88' lang='lat' dir='ltr'>sententia</span> <span class='ocrx_word' id='word_1_183' title='bbox 831 3473 1014 3559; x_wconf 79' lang='lat' dir='ltr'>explicatur</span> <span class='ocrx_word' id='word_1_184' title='bbox 1034 3474 1109 3538; x_wconf 89' lang='lat' dir='ltr'>trib.</span> <span class='ocrx_word' id='word_1_185' title='bbox 1135 3486 1228 3557; x_wconf 89' lang='lat' dir='ltr'>pote-</span> 
     </span>
     <span class='ocr_line' id='line_1_31' title="bbox 479 3575 1226 3663; baseline -0.001 -22"><span class='ocrx_word' id='word_1_186' title='bbox 479 3591 546 3643; x_wconf 91' lang='lat' dir='ltr'>stas</span> <span class='ocrx_word' id='word_1_187' title='bbox 562 3581 620 3648; x_wconf 88' lang='lat' dir='ltr'>IV.</span> <span class='ocrx_word' id='word_1_188' title='bbox 638 3579 734 3663; x_wconf 86' lang='lat' dir='ltr'>bnjus</span> <span class='ocrx_word' id='word_1_189' title='bbox 753 3576 961 3662; x_wconf 89' lang='lat' dir='ltr'>imperatoris</span> <span class='ocrx_word' id='word_1_190' title='bbox 979 3576 1013 3639; x_wconf 92' lang='lat' dir='ltr'>in</span> <span class='ocrx_word' id='word_1_191' title='bbox 1030 3575 1136 3641; x_wconf 80' lang='lat' dir='ltr'>obviis</span> <span class='ocrx_word' id='word_1_192' title='bbox 1155 3576 1226 3660; x_wconf 88' lang='lat' dir='ltr'>ejus</span> 
     </span>
     <span class='ocr_line' id='line_1_32' title="bbox 417 3677 1226 3766; baseline 0.002 -24"><span class='ocrx_word' id='word_1_193' title='bbox 417 3715 428 3742; x_wconf 65' lang='lat' dir='ltr'>t</span> <span class='ocrx_word' id='word_1_194' title='bbox 478 3681 595 3745; x_wconf 86' lang='lat' dir='ltr'>numia.</span> <span class='ocrx_word' id='word_1_195' title='bbox 639 3681 815 3766; x_wconf 77' lang='lat' dir='ltr'>Imperavit</span> <span class='ocrx_word' id='word_1_196' title='bbox 831 3677 1028 3761; x_wconf 83' lang='lat' dir='ltr'>Elsgsbalus</span> <span class='ocrx_word' id='word_1_197' title='bbox 1050 3699 1150 3742; x_wconf 88' lang='lat' dir='ltr'>anuos</span> <span class='ocrx_word' id='word_1_198' title='bbox 1168 3681 1226 3744; x_wconf 87' lang='lat' dir='ltr'>III.</span> 
     </span>
     <span class='ocr_line' id='line_1_33' title="bbox 480 3782 1226 3867; baseline -0.003 -21"><span class='ocrx_word' id='word_1_199' title='bbox 480 3803 612 3849; x_wconf 88' lang='lat' dir='ltr'>menses</span> <span class='ocrx_word' id='word_1_200' title='bbox 631 3782 686 3844; x_wconf 85' lang='lat' dir='ltr'>tx.</span> <span class='ocrx_word' id='word_1_201' title='bbox 731 3782 893 3867; x_wconf 88' lang='lat' dir='ltr'>Oocoepit</span> <span class='ocrx_word' id='word_1_202' title='bbox 919 3804 1001 3866; x_wconf 90' lang='lat' dir='ltr'>ergo</span> <span class='ocrx_word' id='word_1_203' title='bbox 1025 3783 1226 3845; x_wconf 87' lang='lat' dir='ltr'>tribunatum</span> 
     </span>
     <span class='ocr_line' id='line_1_34' title="bbox 479 3869 1225 3970; baseline 0.005 -23"><span class='ocrx_word' id='word_1_204' title='bbox 479 3869 536 3954; x_wconf 88' lang='lat' dir='ltr'>lV.</span> <span class='ocrx_word' id='word_1_205' title='bbox 580 3886 624 3948; x_wconf 79' lang='lat' dir='ltr'>At</span> <span class='ocrx_word' id='word_1_206' title='bbox 645 3905 709 3970; x_wconf 92' lang='lat' dir='ltr'>quo</span> <span class='ocrx_word' id='word_1_207' title='bbox 732 3899 826 3968; x_wconf 86' lang='lat' dir='ltr'>pacto</span> <span class='ocrx_word' id='word_1_208' title='bbox 845 3905 888 3948; x_wconf 85' lang='lat' dir='ltr'>ex</span> <span class='ocrx_word' id='word_1_209' title='bbox 906 3886 1055 3954; x_wconf 76' lang='lat' dir='ltr'>Panrinii</span> <span class='ocrx_word' id='word_1_210' title='bbox 1076 3884 1225 3951; x_wconf 87' lang='lat' dir='ltr'>doctriua</span> 
     </span>
     <span class='ocr_line' id='line_1_35' title="bbox 478 3987 1225 4073; baseline 0 -23"><span class='ocrx_word' id='word_1_211' title='bbox 478 3987 564 4050; x_wconf 84' lang='lat' dir='ltr'>intra</span> <span class='ocrx_word' id='word_1_212' title='bbox 578 3988 643 4050; x_wconf 87' lang='lat' dir='ltr'>hoc</span> <span class='ocrx_word' id='word_1_213' title='bbox 661 3988 800 4073; x_wconf 80' lang='lat' dir='ltr'>spetiem</span> <span class='ocrx_word' id='word_1_214' title='bbox 819 3987 1010 4071; x_wconf 87' lang='lat' dir='ltr'>compinges</span> <span class='ocrx_word' id='word_1_215' title='bbox 1027 3987 1225 4052; x_wconf 88' lang='lat' dir='ltr'>tribunatum</span> 
     </span>
     <span class='ocr_line' id='line_1_36' title="bbox 479 4086 1226 4175; baseline 0.011 -28"><span class='ocrx_word' id='word_1_216' title='bbox 479 4086 539 4164; x_wconf 88' lang='lat' dir='ltr'>V.,</span> <span class='ocrx_word' id='word_1_217' title='bbox 561 4087 617 4172; x_wconf 87' lang='lat' dir='ltr'>qui</span> <span class='ocrx_word' id='word_1_218' title='bbox 637 4089 670 4148; x_wconf 91' lang='lat' dir='ltr'>in</span> <span class='ocrx_word' id='word_1_219' title='bbox 689 4089 918 4173; x_wconf 84' lang='lat' dir='ltr'>frequentibus</span> <span class='ocrx_word' id='word_1_220' title='bbox 935 4091 1005 4172; x_wconf 88' lang='lat' dir='ltr'>ejus</span> <span class='ocrx_word' id='word_1_221' title='bbox 1022 4091 1128 4154; x_wconf 88' lang='lat' dir='ltr'>numia</span> <span class='ocrx_word' id='word_1_222' title='bbox 1145 4091 1226 4175; x_wconf 87' lang='lat' dir='ltr'>legi·</span> 
     </span>
     <span class='ocr_line' id='line_1_37' title="bbox 480 4186 1227 4277; baseline 0.004 -27"><span class='ocrx_word' id='word_1_223' title='bbox 480 4186 558 4251; x_wconf 73' lang='lat' dir='ltr'>tur?</span> <span class='ocrx_word' id='word_1_224' title='bbox 589 4188 691 4272; x_wconf 75' lang='lat' dir='ltr'>Atqui</span> <span class='ocrx_word' id='word_1_225' title='bbox 720 4191 857 4254; x_wconf 89' lang='lat' dir='ltr'>eandem</span> <span class='ocrx_word' id='word_1_226' title='bbox 887 4189 1113 4256; x_wconf 83' lang='lat' dir='ltr'>difficultatem</span> <span class='ocrx_word' id='word_1_227' title='bbox 1146 4191 1227 4277; x_wconf 90' lang='lat' dir='ltr'>obji-</span> 
     </span>
     <span class='ocr_line' id='line_1_38' title="bbox 480 4287 1226 4379; baseline 0.003 -25"><span class='ocrx_word' id='word_1_228' title='bbox 480 4287 571 4354; x_wconf 89' lang='lat' dir='ltr'>ciunt</span> <span class='ocrx_word' id='word_1_229' title='bbox 599 4309 665 4352; x_wconf 88' lang='lat' dir='ltr'>non</span> <span class='ocrx_word' id='word_1_230' title='bbox 694 4311 796 4374; x_wconf 88' lang='lat' dir='ltr'>psuca</span> <span class='ocrx_word' id='word_1_231' title='bbox 823 4290 962 4358; x_wconf 87' lang='lat' dir='ltr'>aliorum</span> <span class='ocrx_word' id='word_1_232' title='bbox 990 4295 1090 4360; x_wconf 88' lang='lat' dir='ltr'>etiam</span> <span class='ocrx_word' id='word_1_233' title='bbox 1115 4295 1226 4379; x_wconf 78' lang='lat' dir='ltr'>Angu-</span> 
     </span>
     <span class='ocr_line' id='line_1_39' title="bbox 479 4391 776 4480; baseline 0 -23"><span class='ocrx_word' id='word_1_234' title='bbox 479 4405 605 4460; x_wconf 87' lang='lat' dir='ltr'>etorurn</span> <span class='ocrx_word' id='word_1_235' title='bbox 627 4391 776 4480; x_wconf 87' lang='lat' dir='ltr'>imperis.</span> 
     </span>
    </p>

    <p class='ocr_par' dir='ltr' id='par_1_8' title="bbox 479 4495 1226 4788">
     <span class='ocr_line' id='line_1_40' title="bbox 540 4495 1224 4583; baseline -0.006 -21"><span class='ocrx_word' id='word_1_236' title='bbox 540 4497 638 4562; x_wconf 83' lang='lat' dir='ltr'>Hunc</span> <span class='ocrx_word' id='word_1_237' title='bbox 649 4498 751 4583; x_wconf 85' lang='lat' dir='ltr'>igitur</span> <span class='ocrx_word' id='word_1_238' title='bbox 763 4496 883 4564; x_wconf 88' lang='lat' dir='ltr'>nodum</span> <span class='ocrx_word' id='word_1_239' title='bbox 897 4517 971 4564; x_wconf 89' lang='lat' dir='ltr'>curn</span> <span class='ocrx_word' id='word_1_240' title='bbox 983 4496 1145 4564; x_wconf 75' lang='lat' dir='ltr'>extricare</span> <span class='ocrx_word' id='word_1_241' title='bbox 1157 4495 1224 4564; x_wconf 84' lang='lat' dir='ltr'>rel·</span> 
     </span>
     <span class='ocr_line' id='line_1_41' title="bbox 479 4600 1225 4690; baseline -0.003 -27"><span class='ocrx_word' id='word_1_242' title='bbox 479 4601 549 4664; x_wconf 90' lang='lat' dir='ltr'>leut</span> <span class='ocrx_word' id='word_1_243' title='bbox 569 4601 632 4667; x_wconf 83' lang='lat' dir='ltr'>viri</span> <span class='ocrx_word' id='word_1_244' title='bbox 654 4600 814 4686; x_wconf 84' lang='lat' dir='ltr'>insignes,</span> <span class='ocrx_word' id='word_1_245' title='bbox 834 4622 940 4690; x_wconf 89' lang='lat' dir='ltr'>neque</span> <span class='ocrx_word' id='word_1_246' title='bbox 963 4616 1071 4668; x_wconf 91' lang='lat' dir='ltr'>tsmen</span> <span class='ocrx_word' id='word_1_247' title='bbox 1094 4624 1112 4665; x_wconf 88' lang='lat' dir='ltr'>a</span> <span class='ocrx_word' id='word_1_248' title='bbox 1132 4619 1225 4663; x_wconf 90' lang='lat' dir='ltr'>rece·</span> 
     </span>
     <span class='ocr_line' id='line_1_42' title="bbox 480 4701 1226 4788; baseline 0.011 -24"><span class='ocrx_word' id='word_1_249' title='bbox 480 4713 533 4783; x_wconf 86' lang='lat' dir='ltr'>pts</span> <span class='ocrx_word' id='word_1_250' title='bbox 554 4701 703 4770; x_wconf 81' lang='lat' dir='ltr'>Panrinii</span> <span class='ocrx_word' id='word_1_251' title='bbox 732 4707 892 4774; x_wconf 87' lang='lat' dir='ltr'>sententis</span> <span class='ocrx_word' id='word_1_252' title='bbox 920 4705 1114 4788; x_wconf 81' lang='lat' dir='ltr'>discedere,</span> <span class='ocrx_word' id='word_1_253' title='bbox 1135 4701 1226 4776; x_wconf 82' lang='lat' dir='ltr'>ride·</span> 
     </span>
    </p>
   </div>
   <div class='ocr_carea' id='block_1_7' title="bbox 1123 437 1401 520">
    <p class='ocr_par' dir='ltr' id='par_1_9' title="bbox 1123 437 1401 520">
     <span class='ocr_line' id='line_1_43' title="bbox 1123 437 1401 520; baseline 0.011 -3"><span class='ocrx_word' id='word_1_254' title='bbox 1123 437 1318 518; x_wconf 85' lang='lat' dir='ltr'>CAPVT</span> <span class='ocrx_word' id='word_1_255' title='bbox 1351 439 1401 520; x_wconf 86' lang='lat' dir='ltr'>X.</span> 
     </span>
    </p>
   </div>
   <div class='ocr_carea' id='block_1_8' title="bbox 1285 618 2034 1426">
    <p class='ocr_par' dir='ltr' id='par_1_10' title="bbox 1285 618 2034 1426">
     <span class='ocr_line' id='line_1_44' title="bbox 1285 618 2029 708; baseline 0 -18"><span class='ocrx_word' id='word_1_256' title='bbox 1285 643 1340 690; x_wconf 90' lang='lat' dir='ltr'>res</span> <span class='ocrx_word' id='word_1_257' title='bbox 1362 625 1444 692; x_wconf 89' lang='lat' dir='ltr'>aiios</span> <span class='ocrx_word' id='word_1_258' title='bbox 1466 620 1571 688; x_wconf 86' lang='lat' dir='ltr'>omnis</span> <span class='ocrx_word' id='word_1_259' title='bbox 1599 618 1730 707; x_wconf 85' lang='lat' dir='ltr'>generis</span> <span class='ocrx_word' id='word_1_260' title='bbox 1758 623 1909 708; x_wconf 88' lang='lat' dir='ltr'>reperire</span> <span class='ocrx_word' id='word_1_261' title='bbox 1930 639 2029 706; x_wconf 86' lang='lat' dir='ltr'>artes,</span> 
     </span>
     <span class='ocr_line' id='line_1_45' title="bbox 1285 725 2030 812; baseline 0 -19"><span class='ocrx_word' id='word_1_262' title='bbox 1285 747 1348 812; x_wconf 86' lang='lat' dir='ltr'>per</span> <span class='ocrx_word' id='word_1_263' title='bbox 1369 748 1447 812; x_wconf 89' lang='lat' dir='ltr'>quas</span> <span class='ocrx_word' id='word_1_264' title='bbox 1469 748 1488 792; x_wconf 89' lang='lat' dir='ltr'>e</span> <span class='ocrx_word' id='word_1_265' title='bbox 1510 725 1695 808; x_wconf 75' lang='lat' dir='ltr'>labyrintho</span> <span class='ocrx_word' id='word_1_266' title='bbox 1717 727 1914 808; x_wconf 81' lang='lat' dir='ltr'>evaderent,</span> <span class='ocrx_word' id='word_1_267' title='bbox 1947 729 2030 793; x_wconf 89' lang='lat' dir='ltr'>alios</span> 
     </span>
     <span class='ocr_line' id='line_1_46' title="bbox 1285 829 2030 914; baseline 0.004 -22"><span class='ocrx_word' id='word_1_268' title='bbox 1285 831 1319 892; x_wconf 88' lang='lat' dir='ltr'>iu</span> <span class='ocrx_word' id='word_1_269' title='bbox 1337 829 1529 896; x_wconf 84' lang='lat' dir='ltr'>adulterinis</span> <span class='ocrx_word' id='word_1_270' title='bbox 1547 843 1662 914; x_wconf 83' lang='lat' dir='ltr'>putare</span> <span class='ocrx_word' id='word_1_271' title='bbox 1681 841 1890 892; x_wconf 89' lang='lat' dir='ltr'>monumenta</span> <span class='ocrx_word' id='word_1_272' title='bbox 1911 831 2030 910; x_wconf 87' lang='lat' dir='ltr'>omnla,</span> 
     </span>
     <span class='ocr_line' id='line_1_47' title="bbox 1286 929 2032 1019; baseline 0.003 -23"><span class='ocrx_word' id='word_1_273' title='bbox 1286 953 1369 1019; x_wconf 87' lang='lat' dir='ltr'>quae</span> <span class='ocrx_word' id='word_1_274' title='bbox 1400 932 1563 998; x_wconf 83' lang='lat' dir='ltr'>auctiores</span> <span class='ocrx_word' id='word_1_275' title='bbox 1585 939 1743 996; x_wconf 78' lang='lat' dir='ltr'>&#39;enarrant</span> <span class='ocrx_word' id='word_1_276' title='bbox 1771 929 1952 997; x_wconf 88' lang='lat' dir='ltr'>tribunatus</span> <span class='ocrx_word' id='word_1_277' title='bbox 1972 954 2032 998; x_wconf 87' lang='lat' dir='ltr'>uu·</span> 
     </span>
     <span class='ocr_line' id='line_1_48' title="bbox 1287 1025 2032 1120; baseline 0.004 -22"><span class='ocrx_word' id='word_1_278' title='bbox 1287 1048 1417 1114; x_wconf 79' lang='lat' dir='ltr'>meros,</span> <span class='ocrx_word' id='word_1_279' title='bbox 1447 1033 1528 1102; x_wconf 85' lang='lat' dir='ltr'>allos</span> <span class='ocrx_word' id='word_1_280' title='bbox 1551 1031 1672 1117; x_wconf 79' lang='lat' dir='ltr'>effugia</span> <span class='ocrx_word' id='word_1_281' title='bbox 1694 1031 1847 1111; x_wconf 86' lang='lat' dir='ltr'>absurda,</span> <span class='ocrx_word' id='word_1_282' title='bbox 1876 1049 1910 1100; x_wconf 91' lang='lat' dir='ltr'>et</span> <span class='ocrx_word' id='word_1_283' title='bbox 1930 1025 2032 1120; x_wconf 76' lang='lat' dir='ltr'>pebsi·</span> 
     </span>
     <span class='ocr_line' id='line_1_49' title="bbox 1287 1133 2030 1226; baseline 0.005 -26"><span class='ocrx_word' id='word_1_284' title='bbox 1287 1137 1333 1200; x_wconf 89' lang='lat' dir='ltr'>mi</span> <span class='ocrx_word' id='word_1_285' title='bbox 1369 1137 1471 1201; x_wconf 90' lang='lat' dir='ltr'>moris</span> <span class='ocrx_word' id='word_1_286' title='bbox 1510 1135 1722 1200; x_wconf 85' lang='lat' dir='ltr'>comminisci.</span> <span class='ocrx_word' id='word_1_287' title='bbox 1767 1133 1862 1226; x_wconf 79' lang='lat' dir='ltr'>Quae</span> <span class='ocrx_word' id='word_1_288' title='bbox 1899 1138 2030 1222; x_wconf 87' lang='lat' dir='ltr'>quidem</span> 
     </span>
     <span class='ocr_line' id='line_1_50' title="bbox 1287 1237 2029 1317; baseline 0 -13"><span class='ocrx_word' id='word_1_289' title='bbox 1287 1259 1361 1304; x_wconf 92' lang='lat' dir='ltr'>cum</span> <span class='ocrx_word' id='word_1_290' title='bbox 1395 1257 1462 1302; x_wconf 87' lang='lat' dir='ltr'>non</span> <span class='ocrx_word' id='word_1_291' title='bbox 1495 1237 1686 1302; x_wconf 89' lang='lat' dir='ltr'>adriderent</span> <span class='ocrx_word' id='word_1_292' title='bbox 1718 1237 1885 1317; x_wconf 86' lang='lat' dir='ltr'>omuibus,</span> <span class='ocrx_word' id='word_1_293' title='bbox 1922 1237 2029 1316; x_wconf 84' lang='lat' dir='ltr'>luere,</span> 
     </span>
     <span class='ocr_line' id='line_1_51' title="bbox 1287 1327 2034 1426; baseline 0.003 -23"><span class='ocrx_word' id='word_1_294' title='bbox 1287 1341 1404 1426; x_wconf 79' lang='lat' dir='ltr'>qulbus</span> <span class='ocrx_word' id='word_1_295' title='bbox 1428 1359 1484 1404; x_wconf 89' lang='lat' dir='ltr'>res</span> <span class='ocrx_word' id='word_1_296' title='bbox 1504 1339 1573 1424; x_wconf 87' lang='lat' dir='ltr'>ipss</span> <span class='ocrx_word' id='word_1_297' title='bbox 1594 1327 1758 1424; x_wconf 80' lang='lat' dir='ltr'>imperare</span> <span class='ocrx_word' id='word_1_298' title='bbox 1780 1338 1971 1419; x_wconf 81' lang='lat' dir='ltr'>videbatur,</span> <span class='ocrx_word' id='word_1_299' title='bbox 1994 1331 2034 1405; x_wconf 71' lang='lat' dir='ltr'>ui</span> 
     </span>
    </p>
   </div>
   <div class='ocr_carea' id='block_1_9' title="bbox 1279 1439 2030 1528">
    <p class='ocr_par' dir='ltr' id='par_1_11' title="bbox 1279 1439 2030 1528">
     <span class='ocr_line' id='line_1_52' title="bbox 1279 1439 2030 1528; baseline 0.007 -26"><span class='ocrx_word' id='word_1_300' title='bbox 1279 1442 1468 1526; x_wconf 76' lang='lat' dir='ltr'>inquiritur</span> <span class='ocrx_word' id='word_1_301' title='bbox 1497 1439 1582 1506; x_wconf 88' lang='lat' dir='ltr'>alter</span> <span class='ocrx_word' id='word_1_302' title='bbox 1612 1441 1728 1526; x_wconf 89' lang='lat' dir='ltr'>aliquis</span> <span class='ocrx_word' id='word_1_303' title='bbox 1757 1441 1875 1520; x_wconf 91' lang='lat' dir='ltr'>cardo,</span> <span class='ocrx_word' id='word_1_304' title='bbox 1915 1458 1934 1506; x_wconf 84' lang='grc' dir='ltr'>ι</span> <span class='ocrx_word' id='word_1_305' title='bbox 1963 1461 2030 1528; x_wconf 87' lang='lat' dir='ltr'>quo</span> 
     </span>
    </p>
   </div>
   <div class='ocr_carea' id='block_1_10' title="bbox 1285 1543 2030 1726">
    <p class='ocr_par' dir='ltr' id='par_1_12' title="bbox 1285 1543 2030 1726">
     <span class='ocr_line' id='line_1_53' title="bbox 1285 1543 2030 1630; baseline -0.017 -21"><span class='ocrx_word' id='word_1_306' title='bbox 1285 1544 1452 1630; x_wconf 86' lang='lat' dir='ltr'>principes</span> <span class='ocrx_word' id='word_1_307' title='bbox 1481 1543 1603 1608; x_wconf 89' lang='lat' dir='ltr'>iterare</span> <span class='ocrx_word' id='word_1_308' title='bbox 1633 1543 1708 1608; x_wconf 90' lang='lat' dir='ltr'>trib.</span> <span class='ocrx_word' id='word_1_309' title='bbox 1731 1555 1926 1630; x_wconf 79' lang='lat' dir='ltr'>potestatam</span> <span class='ocrx_word' id='word_1_310' title='bbox 1947 1563 2030 1610; x_wconf 55' lang='lat' dir='ltr'>non.</span> 
     </span>
     <span class='ocr_line' id='line_1_54' title="bbox 1285 1643 1696 1726; baseline -0.019 -11"><span class='ocrx_word' id='word_1_311' title='bbox 1285 1645 1470 1726; x_wconf 70' lang='lat' dir='ltr'>secuerint,</span> <span class='ocrx_word' id='word_1_312' title='bbox 1492 1643 1580 1713; x_wconf 91' lang='lat' dir='ltr'>uude</span> <span class='ocrx_word' id='word_1_313' title='bbox 1602 1657 1696 1710; x_wconf 87' lang='lat' dir='ltr'>enata</span> 
     </span>
    </p>
   </div>
   <div class='ocr_carea' id='block_1_11' title="bbox 1456 1897 1878 2040">
    <p class='ocr_par' dir='ltr' id='par_1_13' title="bbox 1456 1897 1878 2040">
     <span class='ocr_line' id='line_1_55' title="bbox 1456 1897 1878 2040; baseline -0.009 -54"><span class='ocrx_word' id='word_1_314' title='bbox 1456 1920 1776 2040; x_wconf 74' lang='lat' dir='ltr'>snnrnurra</span> <span class='ocrx_word' id='word_1_315' title='bbox 1811 1897 1878 1989; x_wconf 75' lang='lat' dir='ltr'>tr..</span> 
     </span>
    </p>
   </div>
   <div class='ocr_carea' id='block_1_12' title="bbox 1477 2041 1744 2176">
    <p class='ocr_par' dir='ltr' id='par_1_14' title="bbox 1477 2041 1744 2176">
     <span class='ocr_line' id='line_1_56' title="bbox 1477 2041 1744 2176; baseline -0.004 -24"><span class='ocrx_word' id='word_1_316' title='bbox 1477 2155 1485 2162; x_wconf 66' lang='grc'>,</span> <span class='ocrx_word' id='word_1_317' title='bbox 1570 2041 1653 2176; x_wconf 85' lang='lat' dir='ltr'>qnae</span> <span class='ocrx_word' id='word_1_318' title='bbox 1682 2061 1744 2153; x_wconf 81' lang='lat' dir='ltr'>luit</span> 
     </span>
    </p>
   </div>
   <div class='ocr_carea' id='block_1_13' title="bbox 1392 2253 1979 2338">
    <p class='ocr_par' dir='ltr' id='par_1_15' title="bbox 1392 2253 1979 2338">
     <span class='ocr_line' id='line_1_57' title="bbox 1392 2253 1979 2338; baseline -0.003 -16"><span class='ocrx_word' id='word_1_319' title='bbox 1392 2253 1608 2324; x_wconf 75' lang='lat' dir='ltr'>arcensi</span> <span class='ocrx_word' id='word_1_320' title='bbox 1650 2253 1920 2322; x_wconf 79' lang='lat' dir='ltr'>romanor</span> <span class='ocrx_word' id='word_1_321' title='bbox 1977 2333 1979 2338; x_wconf 50' lang='grc'>,</span> 
     </span>
    </p>
   </div>
   <div class='ocr_carea' id='block_1_14' title="bbox 1288 2460 2027 2644">
    <p class='ocr_par' dir='ltr' id='par_1_16' title="bbox 1288 2460 2027 2644">
     <span class='ocr_line' id='line_1_58' title="bbox 1288 2460 2027 2547; baseline -0.005 -19"><span class='ocrx_word' id='word_1_322' title='bbox 1288 2460 1474 2528; x_wconf 68' lang='lat' dir='ltr'>ormnem</span> <span class='ocrx_word' id='word_1_323' title='bbox 1499 2473 1644 2544; x_wconf 82' lang='lat' dir='ltr'>potestas</span> <span class='ocrx_word' id='word_1_324' title='bbox 1672 2473 1828 2534; x_wconf 79' lang='lat' dir='ltr'>renouato</span> <span class='ocrx_word' id='word_1_325' title='bbox 1856 2465 2027 2547; x_wconf 76' lang='lat' dir='ltr'>praetonsu&#39;s</span> 
     </span>
     <span class='ocr_line' id='line_1_59' title="bbox 1419 2565 1885 2644; baseline 0 -18"><span class='ocrx_word' id='word_1_326' title='bbox 1419 2565 1490 2644; x_wconf 77' lang='lat' dir='ltr'>suit</span> <span class='ocrx_word' id='word_1_327' title='bbox 1514 2566 1573 2630; x_wconf 71' lang='lat'>17.</span> <span class='ocrx_word' id='word_1_328' title='bbox 1595 2567 1668 2626; x_wconf 79' lang='lat' dir='ltr'>idus</span> <span class='ocrx_word' id='word_1_329' title='bbox 1689 2566 1885 2628; x_wconf 73' lang='lat' dir='ltr'>oscmtres.</span> 
     </span>
    </p>
   </div>
   <div class='ocr_carea' id='block_1_15' title="bbox 1282 2763 2048 3772">
    <p class='ocr_par' dir='ltr' id='par_1_17' title="bbox 1282 2763 2048 3772">
     <span class='ocr_line' id='line_1_60' title="bbox 1345 2763 2027 2843; baseline 0.006 -17"><span class='ocrx_word' id='word_1_330' title='bbox 1345 2764 1507 2829; x_wconf 87' lang='lat' dir='ltr'>Nimirum</span> <span class='ocrx_word' id='word_1_331' title='bbox 1530 2764 1712 2843; x_wconf 83' lang='lat' dir='ltr'>existimat,</span> <span class='ocrx_word' id='word_1_332' title='bbox 1746 2766 1954 2832; x_wconf 87' lang='lat' dir='ltr'>coustitutum</span> <span class='ocrx_word' id='word_1_333' title='bbox 1975 2763 2027 2830; x_wconf 79' lang='lat' dir='ltr'>Iu·</span> 
     </span>
     <span class='ocr_line' id='line_1_61' title="bbox 1282 2865 2025 2953; baseline 0.003 -25"><span class='ocrx_word' id='word_1_334' title='bbox 1282 2865 1347 2929; x_wconf 85' lang='lat' dir='ltr'>isse</span> <span class='ocrx_word' id='word_1_335' title='bbox 1376 2865 1646 2952; x_wconf 87' lang='lat' dir='ltr'>imperatoribus,</span> <span class='ocrx_word' id='word_1_336' title='bbox 1678 2881 1713 2931; x_wconf 91' lang='lat' dir='ltr'>ut</span> <span class='ocrx_word' id='word_1_337' title='bbox 1734 2873 1927 2953; x_wconf 84' lang='lat' dir='ltr'>quocunqne</span> <span class='ocrx_word' id='word_1_338' title='bbox 1949 2869 2025 2934; x_wconf 88' lang='lat' dir='ltr'>anni</span> 
     </span>
     <span class='ocr_line' id='line_1_62' title="bbox 1283 2961 2026 3056; baseline 0.012 -28"><span class='ocrx_word' id='word_1_339' title='bbox 1283 2966 1337 3032; x_wconf 89' lang='lat' dir='ltr'>die</span> <span class='ocrx_word' id='word_1_340' title='bbox 1369 2969 1441 3050; x_wconf 89' lang='lat' dir='ltr'>quis</span> <span class='ocrx_word' id='word_1_341' title='bbox 1468 2967 1544 3032; x_wconf 88' lang='lat' dir='ltr'>trlb.</span> <span class='ocrx_word' id='word_1_342' title='bbox 1570 2961 1769 3054; x_wconf 73' lang='lat' dir='ltr'>¹potestatem</span> <span class='ocrx_word' id='word_1_343' title='bbox 1798 2971 1957 3056; x_wconf 83' lang='lat' dir='ltr'>suscepit,</span> <span class='ocrx_word' id='word_1_344' title='bbox 1987 2991 2026 3036; x_wconf 85' lang='lat' dir='ltr'>es</span> 
     </span>
     <span class='ocr_line' id='line_1_63' title="bbox 1282 3069 2048 3159; baseline 0.009 -27"><span class='ocrx_word' id='word_1_345' title='bbox 1282 3070 1315 3132; x_wconf 86' lang='lat' dir='ltr'>in</span> <span class='ocrx_word' id='word_1_346' title='bbox 1338 3069 1513 3134; x_wconf 87' lang='lat' dir='ltr'>secundam</span> <span class='ocrx_word' id='word_1_347' title='bbox 1535 3071 1692 3156; x_wconf 83' lang='lat' dir='ltr'>migraret</span> <span class='ocrx_word' id='word_1_348' title='bbox 1713 3075 1865 3159; x_wconf 84' lang='lat' dir='ltr'>proximo</span> <span class='ocrx_word' id='word_1_349' title='bbox 1892 3073 1946 3137; x_wconf 88' lang='lat' dir='ltr'>die</span> <span class='ocrx_word' id='word_1_350' title='bbox 1968 3075 2048 3158; x_wconf 59' lang='lat' dir='ltr'>tv„</span> 
     </span>
     <span class='ocr_line' id='line_1_64' title="bbox 1282 3170 2028 3259; baseline 0.012 -27"><span class='ocrx_word' id='word_1_351' title='bbox 1282 3170 1354 3232; x_wconf 87' lang='lat' dir='ltr'>idus</span> <span class='ocrx_word' id='word_1_352' title='bbox 1375 3170 1597 3248; x_wconf 86' lang='lat' dir='ltr'>Decembres,</span> <span class='ocrx_word' id='word_1_353' title='bbox 1619 3171 1720 3259; x_wconf 89' lang='lat' dir='ltr'>idque</span> <span class='ocrx_word' id='word_1_354' title='bbox 1741 3175 1954 3242; x_wconf 88' lang='lat' dir='ltr'>nibilominus</span> <span class='ocrx_word' id='word_1_355' title='bbox 1977 3195 2028 3244; x_wconf 81' lang='lat' dir='ltr'>re·</span> 
     </span>
     <span class='ocr_line' id='line_1_65' title="bbox 1283 3273 2030 3364; baseline 0.005 -28"><span class='ocrx_word' id='word_1_356' title='bbox 1283 3273 1386 3350; x_wconf 88' lang='lat' dir='ltr'>leret,</span> <span class='ocrx_word' id='word_1_357' title='bbox 1416 3273 1479 3337; x_wconf 78' lang='lat' dir='ltr'>etsi</span> <span class='ocrx_word' id='word_1_358' title='bbox 1508 3273 1688 3338; x_wconf 87' lang='lat' dir='ltr'>tribunatus</span> <span class='ocrx_word' id='word_1_359' title='bbox 1710 3281 1735 3340; x_wconf 90' lang='lat'>1.</span> <span class='ocrx_word' id='word_1_360' title='bbox 1758 3297 1939 3364; x_wconf 86' lang='lat' dir='ltr'>paucorum</span> <span class='ocrx_word' id='word_1_361' title='bbox 1962 3292 2030 3344; x_wconf 78' lang='lat' dir='ltr'>tsu·</span> 
     </span>
     <span class='ocr_line' id='line_1_66' title="bbox 1282 3375 2026 3471; baseline 0.007 -32"><span class='ocrx_word' id='word_1_362' title='bbox 1282 3387 1351 3439; x_wconf 89' lang='lat' dir='ltr'>tum</span> <span class='ocrx_word' id='word_1_363' title='bbox 1373 3389 1463 3440; x_wconf 86' lang='lat' dir='ltr'>esset</span> <span class='ocrx_word' id='word_1_364' title='bbox 1484 3375 1622 3440; x_wconf 88' lang='lat' dir='ltr'>dierum.</span> <span class='ocrx_word' id='word_1_365' title='bbox 1667 3376 1744 3471; x_wconf 75' lang='lat' dir='ltr'>Quo</span> <span class='ocrx_word' id='word_1_366' title='bbox 1767 3377 1910 3446; x_wconf 82' lang='lat' dir='ltr'>admisso</span> <span class='ocrx_word' id='word_1_367' title='bbox 1931 3379 2026 3446; x_wconf 74' lang='lat' dir='ltr'>facile</span> 
     </span>
     <span class='ocr_line' id='line_1_67' title="bbox 1283 3479 2027 3567; baseline 0.005 -25"><span class='ocrx_word' id='word_1_368' title='bbox 1283 3497 1360 3542; x_wconf 88' lang='lat' dir='ltr'>sane</span> <span class='ocrx_word' id='word_1_369' title='bbox 1390 3493 1461 3558; x_wconf 85' lang='lat' dir='ltr'>est,</span> <span class='ocrx_word' id='word_1_370' title='bbox 1491 3479 1678 3563; x_wconf 88' lang='lat' dir='ltr'>Elagabali,</span> <span class='ocrx_word' id='word_1_371' title='bbox 1709 3493 1747 3546; x_wconf 93' lang='lat' dir='ltr'>ut</span> <span class='ocrx_word' id='word_1_372' title='bbox 1781 3480 1878 3567; x_wconf 85' lang='lat' dir='ltr'>hujus</span> <span class='ocrx_word' id='word_1_373' title='bbox 1907 3483 2027 3548; x_wconf 87' lang='lat' dir='ltr'>iterum</span> 
     </span>
     <span class='ocr_line' id='line_1_68' title="bbox 1283 3580 2027 3670; baseline 0.004 -26"><span class='ocrx_word' id='word_1_374' title='bbox 1283 3580 1437 3666; x_wconf 82' lang='lat' dir='ltr'>exemplo</span> <span class='ocrx_word' id='word_1_375' title='bbox 1458 3595 1550 3660; x_wconf 89' lang='lat' dir='ltr'>utar,</span> <span class='ocrx_word' id='word_1_376' title='bbox 1572 3580 1769 3646; x_wconf 80' lang='lat' dir='ltr'>tribunatum</span> <span class='ocrx_word' id='word_1_377' title='bbox 1785 3583 1828 3654; x_wconf 88' lang='lat' dir='ltr'>V.</span> <span class='ocrx_word' id='word_1_378' title='bbox 1849 3585 2027 3670; x_wconf 82' lang='lat' dir='ltr'>explicare.</span> 
     </span>
     <span class='ocr_line' id='line_1_69' title="bbox 1282 3682 2030 3772; baseline 0.005 -25"><span class='ocrx_word' id='word_1_379' title='bbox 1282 3685 1365 3748; x_wconf 78' lang='lat' dir='ltr'>Nam</span> <span class='ocrx_word' id='word_1_380' title='bbox 1394 3703 1469 3747; x_wconf 89' lang='lat' dir='ltr'>cum</span> <span class='ocrx_word' id='word_1_381' title='bbox 1497 3682 1530 3745; x_wconf 87' lang='lat' dir='ltr'>in</span> <span class='ocrx_word' id='word_1_382' title='bbox 1559 3684 1749 3770; x_wconf 86' lang='lat' dir='ltr'>imperium,</span> <span class='ocrx_word' id='word_1_383' title='bbox 1782 3697 1817 3748; x_wconf 89' lang='lat' dir='ltr'>et</span> <span class='ocrx_word' id='word_1_384' title='bbox 1837 3686 1916 3752; x_wconf 89' lang='lat' dir='ltr'>trib.</span> <span class='ocrx_word' id='word_1_385' title='bbox 1937 3699 2030 3772; x_wconf 87' lang='lat' dir='ltr'>pote·</span> 
     </span>
    </p>
   </div>
   <div class='ocr_carea' id='block_1_16' title="bbox 1276 3783 2027 3870">
    <p class='ocr_par' dir='ltr' id='par_1_18' title="bbox 1276 3783 2027 3870">
     <span class='ocr_line' id='line_1_70' title="bbox 1276 3783 2027 3870; baseline -0.001 -22"><span class='ocrx_word' id='word_1_386' title='bbox 1276 3799 1398 3853; x_wconf 72' lang='lat' dir='ltr'>‘statem</span> <span class='ocrx_word' id='word_1_387' title='bbox 1420 3785 1596 3848; x_wconf 71' lang='lat' dir='ltr'>insolescet</span> <span class='ocrx_word' id='word_1_388' title='bbox 1619 3803 1730 3850; x_wconf 84' lang='lat' dir='ltr'>mense</span> <span class='ocrx_word' id='word_1_389' title='bbox 1745 3783 1833 3865; x_wconf 83' lang='lat' dir='ltr'>Idajo</span> <span class='ocrx_word' id='word_1_390' title='bbox 1848 3786 1887 3853; x_wconf 89' lang='lat' dir='ltr'>V.</span> <span class='ocrx_word' id='word_1_391' title='bbox 1903 3787 1939 3849; x_wconf 88' lang='lat' dir='ltr'>C.</span> <span class='ocrx_word' id='word_1_392' title='bbox 1953 3806 2027 3870; x_wconf 80' lang='lat'>971,</span> 
     </span>
    </p>
   </div>
   <div class='ocr_carea' id='block_1_17' title="bbox 1280 3883 2029 4791">
    <p class='ocr_par' dir='ltr' id='par_1_19' title="bbox 1280 3883 2029 4791">
     <span class='ocr_line' id='line_1_71' title="bbox 1283 3883 2029 3957; baseline 0.001 -7"><span class='ocrx_word' id='word_1_393' title='bbox 1283 3885 1400 3951; x_wconf 90' lang='lat' dir='ltr'>eodem</span> <span class='ocrx_word' id='word_1_394' title='bbox 1416 3886 1536 3950; x_wconf 71' lang='lat' dir='ltr'>adhoc</span> <span class='ocrx_word' id='word_1_395' title='bbox 1566 3906 1651 3951; x_wconf 86' lang='lat' dir='ltr'>anuo</span> <span class='ocrx_word' id='word_1_396' title='bbox 1672 3888 1729 3957; x_wconf 89' lang='lat' dir='ltr'>IV.</span> <span class='ocrx_word' id='word_1_397' title='bbox 1759 3883 1833 3947; x_wconf 85' lang='lat' dir='ltr'>idue</span> <span class='ocrx_word' id='word_1_398' title='bbox 1854 3885 1937 3947; x_wconf 88' lang='lat' dir='ltr'>Dec.</span> <span class='ocrx_word' id='word_1_399' title='bbox 1965 3886 2029 3951; x_wconf 83' lang='lat' dir='ltr'>fnit</span> 
     </span>
     <span class='ocr_line' id='line_1_72' title="bbox 1283 3980 2026 4078; baseline -0.003 -26"><span class='ocrx_word' id='word_1_400' title='bbox 1283 3980 1354 4054; x_wconf 65' lang='grc' dir='ltr'>ΤΗ.</span> <span class='ocrx_word' id='word_1_401' title='bbox 1377 3989 1414 4053; x_wconf 89' lang='lat' dir='ltr'>P.</span> <span class='ocrx_word' id='word_1_402' title='bbox 1436 3990 1498 4078; x_wconf 64' lang='lat' dir='ltr'>Ii„</span> <span class='ocrx_word' id='word_1_403' title='bbox 1535 3987 1654 4050; x_wconf 87' lang='lat' dir='ltr'>eodem</span> <span class='ocrx_word' id='word_1_404' title='bbox 1675 3985 1731 4049; x_wconf 90' lang='lat' dir='ltr'>die</span> <span class='ocrx_word' id='word_1_405' title='bbox 1753 3985 1828 4048; x_wconf 87' lang='lat' dir='ltr'>anui</span> <span class='ocrx_word' id='word_1_406' title='bbox 1850 4003 1922 4070; x_wconf 77' lang='lat' dir='ltr'>qqe.</span> <span class='ocrx_word' id='word_1_407' title='bbox 1952 3988 2026 4054; x_wconf 76' lang='grc' dir='ltr'>ΤΒ.</span> 
     </span>
     <span class='ocr_line' id='line_1_73' title="bbox 1282 4085 2026 4171; baseline 0 -19"><span class='ocrx_word' id='word_1_408' title='bbox 1282 4089 1320 4154; x_wconf 94' lang='grc' dir='ltr'>Ρ.</span> <span class='ocrx_word' id='word_1_409' title='bbox 1351 4091 1426 4164; x_wconf 82' lang='lat'>111..</span> <span class='ocrx_word' id='word_1_410' title='bbox 1457 4087 1530 4171; x_wconf 82' lang='grc'><strong>973.</strong></span> <span class='ocrx_word' id='word_1_411' title='bbox 1560 4089 1632 4154; x_wconf 82' lang='lat' dir='ltr'>TR.</span> <span class='ocrx_word' id='word_1_412' title='bbox 1663 4087 1701 4151; x_wconf 87' lang='lat' dir='ltr'>P.</span> <span class='ocrx_word' id='word_1_413' title='bbox 1721 4088 1793 4150; x_wconf 89' lang='lat' dir='ltr'>IIII.</span> <span class='ocrx_word' id='word_1_414' title='bbox 1824 4106 1862 4151; x_wconf 88' lang='lat' dir='ltr'>sc</span> <span class='ocrx_word' id='word_1_415' title='bbox 1893 4085 2026 4152; x_wconf 88' lang='lat' dir='ltr'>demum</span> 
     </span>
     <span class='ocr_line' id='line_1_74' title="bbox 1283 4185 2025 4280; baseline 0.007 -29"><span class='ocrx_word' id='word_1_416' title='bbox 1283 4191 1451 4280; x_wconf 63' lang='lat' dir='ltr'>1374·le</span> <span class='ocrx_word' id='word_1_417' title='bbox 1473 4191 1512 4254; x_wconf 90' lang='grc' dir='ltr'>Ρ.</span> <span class='ocrx_word' id='word_1_418' title='bbox 1532 4191 1591 4265; x_wconf 80' lang='lat' dir='ltr'>V..</span> <span class='ocrx_word' id='word_1_419' title='bbox 1623 4207 1686 4274; x_wconf 87' lang='lat' dir='ltr'>qua</span> <span class='ocrx_word' id='word_1_420' title='bbox 1707 4199 1869 4272; x_wconf 88' lang='lat' dir='ltr'>potestate</span> <span class='ocrx_word' id='word_1_421' title='bbox 1892 4185 2025 4256; x_wconf 87' lang='lat' dir='ltr'>labente</span> 
     </span>
     <span class='ocr_line' id='line_1_75' title="bbox 1282 4290 2024 4380; baseline -0.004 -22"><span class='ocrx_word' id='word_1_422' title='bbox 1282 4315 1395 4358; x_wconf 86' lang='lat' dir='ltr'>caesus</span> <span class='ocrx_word' id='word_1_423' title='bbox 1430 4303 1482 4372; x_wconf 75' lang='lat' dir='ltr'>est</span> <span class='ocrx_word' id='word_1_424' title='bbox 1515 4309 1629 4354; x_wconf 82' lang='lat' dir='ltr'>meuse</span> <span class='ocrx_word' id='word_1_425' title='bbox 1660 4290 1780 4355; x_wconf 78' lang='lat' dir='ltr'>Martio</span> <span class='ocrx_word' id='word_1_426' title='bbox 1809 4291 1851 4360; x_wconf 88' lang='lat' dir='ltr'>V.</span> <span class='ocrx_word' id='word_1_427' title='bbox 1881 4291 1920 4358; x_wconf 85' lang='lat' dir='ltr'>C.</span> <span class='ocrx_word' id='word_1_428' title='bbox 1950 4291 2024 4380; x_wconf 78' lang='grc'><strong>975.</strong></span> 
     </span>
     <span class='ocr_line' id='line_1_76' title="bbox 1280 4391 2027 4482; baseline 0.003 -24"><span class='ocrx_word' id='word_1_429' title='bbox 1280 4399 1331 4463; x_wconf 81' lang='lat' dir='ltr'>En</span> <span class='ocrx_word' id='word_1_430' title='bbox 1358 4394 1418 4461; x_wconf 84' lang='lat' dir='ltr'>tihi</span> <span class='ocrx_word' id='word_1_431' title='bbox 1446 4393 1626 4458; x_wconf 89' lang='lat' dir='ltr'>tribnnstos</span> <span class='ocrx_word' id='word_1_432' title='bbox 1653 4395 1696 4464; x_wconf 90' lang='lat' dir='ltr'>V.</span> <span class='ocrx_word' id='word_1_433' title='bbox 1720 4391 1847 4476; x_wconf 88' lang='lat' dir='ltr'>liquido</span> <span class='ocrx_word' id='word_1_434' title='bbox 1873 4412 2027 4482; x_wconf 88' lang='lat' dir='ltr'>compro·</span> 
     </span>
     <span class='ocr_line' id='line_1_77' title="bbox 1280 4495 2024 4592; baseline -0.004 -30"><span class='ocrx_word' id='word_1_435' title='bbox 1280 4497 1384 4565; x_wconf 89' lang='lat' dir='ltr'>batos.</span> <span class='ocrx_word' id='word_1_436' title='bbox 1426 4495 1515 4592; x_wconf 84' lang='lat' dir='ltr'>Quin</span> <span class='ocrx_word' id='word_1_437' title='bbox 1545 4497 1679 4563; x_wconf 83' lang='lat' dir='ltr'>evenire</span> <span class='ocrx_word' id='word_1_438' title='bbox 1708 4495 1743 4558; x_wconf 91' lang='lat' dir='ltr'>in</span> <span class='ocrx_word' id='word_1_439' title='bbox 1769 4495 1833 4561; x_wconf 89' lang='lat' dir='ltr'>bae</span> <span class='ocrx_word' id='word_1_440' title='bbox 1862 4495 2024 4564; x_wconf 88' lang='lat' dir='ltr'>sententia</span> 
     </span>
     <span class='ocr_line' id='line_1_78' title="bbox 1280 4589 2027 4686; baseline -0.004 -23"><span class='ocrx_word' id='word_1_441' title='bbox 1280 4589 1462 4686; x_wconf 64' lang='lat' dir='ltr'>potest,&#39;ut</span> <span class='ocrx_word' id='word_1_442' title='bbox 1484 4622 1585 4665; x_wconf 89' lang='lat' dir='ltr'>annus</span> <span class='ocrx_word' id='word_1_443' title='bbox 1607 4602 1725 4686; x_wconf 91' lang='lat' dir='ltr'>plenos</span> <span class='ocrx_word' id='word_1_444' title='bbox 1746 4618 1823 4664; x_wconf 91' lang='lat' dir='ltr'>cum</span> <span class='ocrx_word' id='word_1_445' title='bbox 1844 4599 1955 4684; x_wconf 87' lang='lat' dir='ltr'>paucis</span> <span class='ocrx_word' id='word_1_446' title='bbox 1977 4597 2027 4662; x_wconf 88' lang='lat' dir='ltr'>ul·</span> 
     </span>
     <span class='ocr_line' id='line_1_79' title="bbox 1281 4699 2026 4791; baseline -0.009 -19"><span class='ocrx_word' id='word_1_447' title='bbox 1281 4717 1334 4772; x_wconf 93' lang='lat' dir='ltr'>tro</span> <span class='ocrx_word' id='word_1_448' title='bbox 1356 4704 1506 4791; x_wconf 88' lang='lat' dir='ltr'>citroque</span> <span class='ocrx_word' id='word_1_449' title='bbox 1535 4700 1652 4771; x_wconf 83' lang='lat' dir='ltr'>ttebns&#39;</span> <span class='ocrx_word' id='word_1_450' title='bbox 1678 4703 1808 4774; x_wconf 86' lang='lat' dir='ltr'>tertiam</span> <span class='ocrx_word' id='word_1_451' title='bbox 1837 4699 1912 4783; x_wconf 87' lang='lat' dir='ltr'>trib.</span> <span class='ocrx_word' id='word_1_452' title='bbox 1933 4709 2026 4788; x_wconf 82' lang='lat' dir='ltr'>pote·</span> 
     </span>
    </p>
   </div>
   <div class='ocr_carea' id='block_1_18' title="bbox 0 0 2242 5564">
    <p class='ocr_par' dir='ltr' id='par_1_20' title="bbox 0 0 2242 5564">
     <span class='ocr_line' id='line_1_80' title="bbox 0 0 2242 5564; baseline 0 2"><span class='ocrx_word' id='word_1_453' title='bbox 0 0 2242 5564; x_wconf 95' lang='lat' dir='ltr'> </span> 
     </span>
    </p>
   </div>
  </div>
 </body>
</html>
