4476 5564
575 415 651 492 DE
686 413 873 490 NVMIS
908 411 1477 492 CONSECRATIONVM.
1723 419 1793 507 1261

256 612 364 681 dirue,
387 603 616 684 Moleuprides,
633 601 830 681 pissime,
847 616 931 682 puae
942 616 999 688 pe·
1056 595 1138 660 seito
1168 593 1255 660 nseti
1286 593 1425 671 inerint,
1456 589 1518 657 nisi
1549 614 1584 656 se
1616 595 1796 682 superioris

257 703 396 774 serritirrt
413 727 472 787 per
490 707 635 784 sinuosius
657 705 727 766 dies
749 702 998 762 immolarentur.
1056 690 1186 774 seretis,
1216 697 1421 782 oliorumque
1455 697 1651 778 populorum
1687 717 1797 763 erem·

257 809 310 870 De
334 805 539 882 Domitisno,
570 805 626 888 qui
649 815 684 866 et
706 800 778 884 ipse
800 803 948 864 domim
968 809 1001 864 et
1056 798 1120 880 piis
1144 798 1215 862 tuiti
1242 811 1326 860 sunt.
1368 797 1503 860 Durium
1524 797 1644 862 Xerxis
1670 814 1797 884 putrem

253 915 335 978 deus
349 907 506 990 sppeilsn‘
522 907 625 970 voluit
640 905 687 986 ⁸),
709 903 913 966 heeousrrst
928 919 1000 964 ore·
1057 899 1164 962 edituo
1187 899 1295 962 risum
1321 896 1361 960 sb
1386 899 1555 984 Aegyptiis
1581 900 1635 963 dei
1657 903 1798 1002 appplis·

253 1023 310 1072 tor
325 1009 451 1071 Plinius
467 1006 514 1088 b),
537 1011 623 1070 Ante
641 1009 769 1090 quidem
785 1008 928 1086 ineuntes
946 1007 1001 1066 io·
1057 999 1180 1065 tionem
1205 998 1296 1062 nulio
1318 1013 1410 1062 entes
1432 1001 1467 1061 iri
1489 999 1622 1085 regibus
1644 1004 1798 1089 exemplo

256 1115 393 1174 stiurusn
412 1129 526 1192 propes
543 1129 601 1186 per
622 1109 833 1188 Capitolinum
853 1108 915 1168 iter
934 1124 1001 1166 oru-
1056 1099 1246 1177 abstulisse,
1268 1099 1400 1162 tradidit
1421 1100 1588 1167 Diodorus
1611 1105 1739 1166 Siculus
1754 1105 1802 1188 d).

153 1245 160 1260 ·
255 1232 324 1288 orso
350 1215 404 1274 ssi
423 1221 518 1290 porte
541 1210 629 1274 reiut
651 1210 817 1286 intercepti
841 1211 1001 1270 desertem
1056 1201 1259 1266 Grseoorum
1286 1200 1394 1286 ulique
1422 1203 1572 1287 exemplu
1602 1205 1635 1268 in
1667 1225 1800 1290 praece·

254 1315 315 1374 oio
338 1314 547 1393 eruebantur,
583 1329 654 1374 ross
675 1310 857 1374 saevissimi
877 1295 1002 1368 dss'rrirsi
1057 1302 1209 1367 dentibus
1250 1305 1512 1368 commemorari.
1555 1307 1659 1370 'l'ento
1697 1309 1798 1392 igitur

257 1409 1000 1492 atrocissimoesfipiestantorietirrsururnrruo-
1056 1407 1164 1470 minus
1185 1403 1273 1468 istud
1293 1405 1327 1468 in
1348 1407 1546 1469 consecretis
1565 1421 1797 1492 postmortem

257 1536 293 1578 re
315 1519 485 1587 coleretur,
507 1514 752 1596 quoniumipse
775 1509 906 1570 tumori
926 1526 1001 1568 sors·
1055 1509 1277 1574 Romsnorum
1299 1506 1500 1590 principibus
1522 1509 1656 1586 mirum,
1678 1527 1798 1595 quanto

254 1619 367 1695 quinis
378 1615 606 1693 profundebat.
638 1607 705 1672 Sed
722 1627 828 1691 neque
848 1607 930 1670 hsec
949 1627 1002 1668 su·
1057 1608 1093 1670 hi
1114 1609 1217 1694 megin
1237 1627 1353 1671 omnes
1374 1608 1462 1672 orbis
1479 1609 1602 1694 cogniti
1623 1633 1722 1693 reges
1744 1635 1797 1677 eu·

255 1712 456 1800 perstitionis
483 1714 691 1798 arguments,
726 1709 755 1772 si
784 1706 998 1772 Commodum
1055 1709 1234 1794 justusque
1262 1708 1334 1772 seri
1358 1709 1522 1794 potentie,
1561 1730 1599 1775 se
1629 1714 1795 1795 majestate

253 1815 454 1890 Herculem,
483 1811 630 1896 deosque
652 1809 863 1898 Aureliorum
884 1822 919 1872 et
941 1809 1000 1873 Cs-
1056 1829 1265 1896 superavere.

254 1936 328 1982 rum
353 1915 483 1990 demes,
506 1915 685 1976 Romsnsm
709 1924 872 1974 monetsm
894 1911 1000 1995 iuqui-
1119 1911 1225 1976 Multo
1246 1909 1353 1974 serius
1373 1907 1456 1974 haee
1485 1907 1685 1988 dresserum
1713 1915 1797 1978 iuss·

253 2035 395 2094 nevere,
416 2013 502 2079 hsud
520 2015 637 2088 dubie,
660 2011 748 2095 qued
765 2011 844 2096 ipsis
860 2011 999 2076 surturi·
1054 2011 1108 2075 nis
1123 2013 1287 2075 Romsnoe
1307 2013 1499 2098 inquirerit.
1525 2015 1608 2079 Nem
1631 2017 1658 2076 si
1676 2017 1797 2080 Romu·
1932 2077 1937 2086 ,

252 2119 315 2184 bus
329 2114 767 2201 ignominiosumviderstus,
782 2112 925 2178 honores
941 2115 999 2176 hu·
1054 2113 1120 2175 lum
1143 2113 1316 2205 Quirinum
1337 2113 1465 2192 demus,
1487 2113 1546 2180 sed
1570 2118 1623 2214 epi
1649 2117 1797 2182 condito·

255 2239 348 2284 meus
371 2217 559 2282 conditione
584 2215 741 2298 majores,
778 2233 901 2298 eosque
929 2214 996 2278 sive
1054 2215 1100 2276 ris
1130 2213 1274 2279 conditio
1304 2235 1366 2298 pro
1395 2215 1596 2280 Grseoorum
1630 2239 1723 2283 more
1754 2222 1796 2286 sd

252 2320 431 2405 sppetitos,
452 2318 522 2382 sire
546 2315 698 2380 decretos
723 2334 784 2398 per
805 2314 935 2399 imperii
955 2317 995 2378 R.
1053 2315 1328 2380 immortulitstem
1367 2317 1452 2382 viem
1490 2317 1619 2402 strsrit,
1641 2340 1719 2383 non
1754 2323 1793 2386 L.

250 2419 436 2506 provinciss
457 2418 677 2483 circumferri.
717 2417 825 2500 Atque
848 2417 930 2482 hose
952 2418 995 2482 de
1051 2417 1191 2493 Brutus,
1219 2437 1284 2480 non
1314 2417 1487 2497 Camillus,
1517 2439 1583 2483 non
1608 2421 1793 2506 Scipiones,

253 2523 401 2590 rivorum
416 2519 662 2585 consecratione
676 2517 708 2578 iu
722 2516 808 2580 huno
824 2515 932 2582 locum
949 2519 994 2584 ri-
1050 2518 1114 2580 etsi
1129 2523 1169 2580 de
1186 2519 1287 2602 petris
1303 2517 1475 2602 insigniter
1488 2522 1615 2598 meriti,
1633 2524 1795 2587 coelestes

251 2621 413 2686 debentur
433 2618 649 2698 eonferenda,
671 2617 762 2702 eujus
784 2618 917 2702 eopiosa
938 2639 994 2683 ox·
1047 2619 1113 2681 sibi
1131 2617 1274 2682 honores
1294 2635 1517 2688 emeruerunt.
1558 2623 1626 2687 -Hie
1648 2627 1795 2688 mortuiis

241 2723 359 2808 empls
373 2723 433 2787 siis
449 2741 510 2806 per
524 2723 711 2788 uuiversum
726 2721 790 2784 hoe
808 2739 888 2804 opus
904 2739 993 2804 spur·
1048 2719 1133 2804 legis
1151 2734 1357 2807 contemptus
1373 2721 1503 2786 rennui
1518 2743 1591 2789 eum
1607 2727 1794 2790 monarchis

249 2847 284 2890 ss
306 2826 473 2910 reperies,
494 2821 583 2886 iuter
604 2840 687 2908 quse
699 2820 860 2886 ,eximium
881 2824 992 2889 locum
1047 2821 1178 2906 eoepit,
1199 2823 1390 2908 primusque
1413 2823 1476 2886 init
1499 2823 1619 2891 Csessr
1644 2827 1794 2906 dictator,
1908 2891 1915 2922 Ι

239 2926 398 2992 obtinent
418 2928 562 2990 honores
583 2945 663 2991 vere
681 2922 798 3000 divini,
819 2925 915 3009 quis
942 2945 992 2991 se·
1047 2921 1082 2986 iu
1112 2943 1210 3008 quem
1241 2923 1311 2994 diri
1345 2936 1380 2987 et
1409 2913 1548 3002 nemeis,
1584 2940 1630 2992 et
1648 2927 1795 2993 honores
1839 2963 1843 2972 ·

248 3041 325 3092 uste
349 3025 432 3090 lulio
455 3027 586 3090 Csessri
611 3026 716 3090 adhue
742 3025 819 3092 rivo
845 3026 931 3110 turpi
956 3027 991 3090 in
1041 3023 1139 3109 jussu
1169 3024 1284 3108 populi
1315 3023 1427 3090 colisti
1456 3039 1550 3106 sunt,
1581 3026 1674 3110 eujus
1701 3030 1797 3092 nimi·
1818 3067 1823 3074 ·

248 3138 496 3212 praepotentem
514 3115 681 3189 homiuem
698 3125 859 3210 obsequio
878 3126 992 3198 deors·
1046 3145 1125 3188 rum
1153 3127 1278 3192 snimos
1308 3125 1438 3192 virtutis
1472 3128 1613 3194 beilirse
1638 3127 1791 3216 prodigis

249 3225 404 3304 tiiuere,
426 3247 508 3310 quos
530 3227 680 3292 enarrari
701 3225 777 3291 loeo
799 3248 859 3292 suo
880 3230 914 3293 in
934 3252 992 3296 uu·
1039 3242 1117 3292 tum
1141 3241 1174 3291 et
1195 3229 1312 3292 mentis
1335 3228 1487 3295 excelsos
1511 3246 1715 3312 ornaments,
1735 3255 1792 3296 no·

249 3327 312 3392 suis
332 3332 411 3394 Diei
430 3331 512 3394 Iulii
531 3327 607 3398 Vol.
627 3329 683 3396 Vi·
705 3346 779 3410 psg.
803 3348 852 3392 st.
881 3397 890 3412 ,
1049 3329 1181 3392 sissimo
1197 3330 1323 3414 ingestu
1338 3331 1528 3415 superstitio
1542 3334 1728 3416 perculere,
1743 3339 1792 3398 sie

1043 3443 1085 3492 ut
1106 3428 1203 3492 facile
1226 3430 1289 3492 sibi
1310 3431 1562 3514 persuaderent,
1597 3439 1734 3498 enimsm
1756 3437 1790 3496 in

570 3528 600 3605 i.
623 3529 671 3592 il.
1040 3548 1090 3594 ,eo
1111 3529 1248 3594 humens
1270 3531 1427 3596 msiomm
1447 3533 1622 3602 resedisse.
1648 3537 1791 3619 Vuigsto

1046 3629 1202 3712 exemplo
1223 3631 1257 3692 is
1279 3632 1503 3697 eouseersudo
1522 3635 1671 3718 Augusto
1691 3635 1791 3700 ieeiie

344 3723 396 3798 Do
422 3734 890 3801 commotione-mortuorum·
988 3761 997 3782 ο
1047 3728 1167 3792 deinde
1203 3749 1317 3794 omum
1354 3751 1571 3810 consensere,
1604 3735 1694 3816 quod
1722 3757 1789 3800 non

1046 3829 1144 3893 modo
1167 3831 1353 3898 diuturnum
1374 3832 1435 3903 suh
1453 3851 1499 3898 ee
1520 3835 1712 3919 imperium,
1729 3837 1789 3900 sed

310 3933 422 4000 Thasii
441 3933 629 4017 Agesilaum
657 3932 690 3996 in
717 3933 856 3997 deorum
877 3947 989 3994 nume·
1040 3945 1080 3996 et
1109 3931 1351 4012 moderatione,
1376 3946 1415 3999 et
1441 3935 1604 4022 sequitste
1625 3949 1789 4024 tempere·

246 4057 319 4104 rum
338 4037 498 4104 retulere.
539 4034 783 4112 uirtutium,
806 4031 989 4117 quserenti·
1045 4048 1111 4096 tum
1141 4039 1270 4120 experti
1297 4050 1382 4104 suut.
1422 4039 1469 4104 Et
1497 4057 1576 4104 vero
1603 4039 1631 4103 si
1659 4041 1693 4103 in
1722 4042 1787 4111 hnc

185 4207 193 4218 ,
246 4157 328 4223 qus,
350 4153 528 4222 possentne
543 4137 694 4200 homines
709 4137 743 4200 in
756 4133 837 4200 deos
851 4151 989 4196 couren-
1040 4127 1261 4202 consecrandi
1279 4137 1346 4202 ritu
1367 4153 1509 4228 speetsts
1525 4161 1662 4226 semper
1672 4141 1788 4210 inisset

245 4253 334 4316 tere,
355 4237 611 4324 responderunt,
633 4257 730 4322 posse
754 4241 796 4320 ο).
838 4237 913 4298 Νοιι
933 4231 987 4299 sd·
1036 4237 1190 4317 sineere,
1212 4253 1246 4304 et
1263 4260 1329 4305 non
1345 4241 1452 4306 iuests
1470 4245 1663 4309 meritorum
1679 4245 1719 4308 iu
1730 4265 1786 4332 gs·

245 4339 381 4416 didere,
415 4357 482 4422 quo
502 4353 621 4407 tsntsm
642 4338 830 4406 iseultstem
852 4335 987 4424 Olympi
1035 4359 1103 4404 uus
1129 4339 1307 4406 nummum
1330 4341 1559 4428 proiectorum
1586 4347 1784 4426 reeordstio,

253 4474 1786 4516 ῇ-ᾟ-ψ--ιὴ-ψ-

243 4569 317 4714 Lep
331 4563 410 4623 Suet.
420 4583 499 4728 9efisp.
519 4577 563 4636 13.
653 4567 693 4642 b)
708 4567 815 4646 Penes.
834 4587 901 4648 esp·
918 4577 964 4634 st.
1045 4573 1086 4648 se)
1099 4570 1251 4638 Plutsreh·
1269 4572 1425 4674 Apopltth.
1442 4575 1596 4654 heom:
1650 4575 1686 4654 d)
1703 4577 1781 4642 eibi.

268 4696 276 4711 .
337 4673 401 4732 esp.
458 4697 464 4710 .
828 4693 844 4722 ι
1249 4687 1255 4696 ·
1361 4697 1364 4702 ’
