4462 5552
708 421 1220 502 PSEVDOMONETA.
1283 469 1286 476 ,

820 723 1045 786 carrr
1080 685 1127 787 11ss

650 923 699 986 Ds
718 922 802 1002 typis
822 905 1094 984 contorsiato'rssst
1115 921 1150 982 s'ss
1168 935 1294 1002 pervers.

267 1123 383 1186 Psrtas
402 1119 527 1186 suricis
551 1117 846 1202 lnbujasquuque
868 1115 948 1179 slas·
1003 1111 1183 1178 Alssssslrl
1211 1115 1258 1180 ΙΙ.
1291 1131 1366 1180 cuns
1395 1113 1520 1198 Scylla,
1558 1141 1597 1184 an
1633 1123 1748 1190 eadem
1871 1163 1878 1176 -
1962 1165 1970 1181 .

206 1223 251 1288 sin
274 1225 380 1287 numia
402 1236 498 1305 caput
520 1221 673 1306 aliquod,
697 1218 749 1283 val
773 1229 948 1301 protomen
1004 1217 1116 1281 valere
1137 1216 1233 1279 etiam
1251 1219 1374 1300 poterit
1389 1217 1429 1280 ad
1447 1219 1674 1304 explicandum
1693 1246 1750 1289 ne·
1873 1275 1887 1298 ,

206 1326 400 1410 plerumque
439 1321 591 1386 offerunt.
635 1321 781 1384 Partiurn
821 1340 947 1382 aversa·
1003 1339 1079 1380 xum
1109 1319 1250 1381 Neronis
1279 1320 1332 1384 vel
1363 1319 1495 1398 Traiani
1525 1343 1599 1385 cnm
1630 1325 1750 1390 eodem
1849 1363 1859 1404 ῃ

205 1447 279 1492 rum
301 1427 368 1508 typi
389 1423 544 1508 majoram
567 1436 752 1505 parvenies
774 1423 858 1484 ludis
880 1421 950 1482 Cir·
1004 1419 1103 1481 maris
1141 1423 1314 1502 portentui
1360 1417 1466 1514 Quam
1505 1421 1608 1486 inerit
1645 1424 1751 1490 bonus

206 1528 375 1604 censibus,
397 1525 532 1608 aliisque
556 1523 748 1608 spectaculis
770 1539 845 1586 sunt
869 1523 951 1606 peti·
1005 1519 1253 1604 Havercarispos
1291 1521 1391 1604 gratis
1429 1519 1600 1601 anhelans,
1637 1530 1752 1594 multae

206 1630 247 1711 ti,
279 1648 457 1712 quanquam
488 1646 553 1688 uon
582 1624 689 1688 desint
717 1625 803 1708 eapti
833 1645 875 1685 ex
898 1643 949 1704 cy·
1008 1642 1072 1705 qne
1094 1622 1222 1704 agendo
1243 1620 1324 1684 nihil
1347 1641 1464 1704 agens,
1493 1643 1565 1686 curn
1588 1625 1621 1686 in
1643 1629 1751 1712 singu·

206 1730 259 1794 clo
288 1729 489 1810 mythicoet
509 1725 664 1801 heroico,
695 1738 730 1787 et
758 1746 823 1786 non
854 1725 948 1808 pnuci
1005 1721 1045 1784 lis
1067 1723 1244 1784 conciliare
1276 1736 1448 1810 utramque
1479 1737 1604 1806 partem
1628 1729 1751 1792 nitars-

207 1843 401 1914 argumento
416 1827 479 1890 sint
493 1826 657 1900 abstruso,
676 1841 730 1891 ant
745 1827 840 1909 plane
857 1825 948 1908 igno·
1005 1837 1076 1898 tur,
1106 1835 1177 1885 toto
1208 1841 1331 1906 opere,
1363 1825 1451 1909 quod
1474 1825 1516 1888 ds
1539 1831 1750 1893 coutorniutis

205 1944 257 2006 to,
287 1949 370 2018 quas
398 1929 525 2012 singula
553 1923 719 1991 docebunt
745 1927 835 1990 numi
863 1925 948 1990 inira
1004 1924 1259 2006 conscripserat,
1305 1926 1470 1990 luculente
1513 1928 1749 2010 comprobavit,

205 2031 374 2115 descripti.
1004 2024 1096 2105 cujus
1129 2025 1261 2088 infausti
1290 2041 1424 2090 conatus
1455 2029 1641 2111 exemplum
1672 2046 1754 2096 stro-

268 2133 357 2198 lstud
372 2130 494 2194 habeut
508 2126 542 2188 lvi
555 2125 644 2189 numi
659 2125 843 2207 singulare,
862 2125 950 2212 quod
1006 2141 1123 2206 perum
1146 2125 1293 2191 dabimus
1313 2107 1399 2193 iulia
1421 2129 1526 2213 capite
1539 2131 1595 2192 111.
1611 2131 1637 2208 §.
1654 2155 1673 2217 7
1689 2134 1762 2198 sub
1865 2133 1869 2142 '

205 2237 278 2302 iere
314 2251 478 2316 nunquam
513 2241 665 2312 appareat
702 2228 817 2311 aliquis
848 2228 949 2311 partis
1005 2245 1105 2287 numo
1127 2227 1244 2310 primo.
1361 2289 1366 2310 ,
1490 2289 1494 2296 ,
1555 2289 1560 2302 ,

206 2337 332 2403 anticas
356 2353 429 2398 onus
455 2349 566 2394 aversa
591 2349 711 2403 nexus,
742 2331 951 2392 saltemuer·
1070 2325 1196 2409 Capita,
1228 2349 1310 2412 quaa
1337 2344 1463 2413 partem
1495 2331 1632 2396 anticam
1656 2354 1753 2400 occu·

208 2454 259 2502 tus
273 2456 310 2502 sc
328 2435 536 2522 perspicpus,
559 2431 618 2494 sed
636 2432 732 2515 plane
749 2431 949 2508 arbitrarius,
1006 2437 1101 2508 pant,
1140 2443 1215 2490 sunt
1243 2431 1413 2494 homiuum
1445 2436 1552 2496 variae
1587 2435 1750 2516 fortunae,

206 2553 303 2622 atque
333 2552 369 2600 ut
395 2535 497 2596 libido
526 2535 610 2600 tulit.
653 2531 758 2594 Neruo
790 2533 876 2593 enim
905 2531 950 2592 sa·
1007 2527 1155 2626 ordinis,
1180 2530 1336 2610 instituti,
1365 2553 1565 2598 summorum
1588 2558 1691 2618 aeque
1714 2559 1753 2604 ac

208 2643 467 2724 cilo-componat
487 2648 583 2718 caput
605 2633 784 2722 Alexandri
806 2635 853 2698 Μ.
874 2652 949 2704 cum
1006 2629 1204 2698 infimorum.
1248 2634 1397 2696 Numinis
1439 2647 1561 2700 certam
1605 2637 1780 2720 effigiem·

205 2743 295 2808 circo
324 2737 490 2812 Romatio,
524 2735 648 2818 Scylla,
685 2735 740 2800 vel
771 2749 864 2819 raptu
894 2737 951 2798 Sa·
1006 2732 1152 2794 noudum
1175 2732 1208 2793 in
1230 2733 1281 2795 his
1303 2734 1484 2801 observavi.
1527 2739 1564 2798 lu
1585 2741 1751 2805 nonnullis

205 2845 369 2916 binarum,
412 2851 467 2900 aut
505 2835 694 2914 Horatium,
737 2836 948 2919 Apollonium
1008 2843 1114 2895 tomen
1139 2846 1189 2896 est
1210 2847 1305 2917 eaput
1326 2839 1451 2900 Romae
1474 2837 1585 2904 addito
1611 2838 1751 2903 ROMA.

206 2951 428 3027 l'ysuenaem,
472 2939 661 3002 Sallustium
704 2957 778 3000 oum
815 2940 950 3024 agitato·
1005 2933 1191 3001 Videinsrt
1217 2941 1359 3023 Cep-111·
1377 2945 1402 3015 l·
1426 2960 1437 2999 ¹
1465 2939 1524 3002 tub
1542 2943 1671 3022 Scyllas
1694 2955 1750 3004 ⁸11²

205 3039 549 3132 ribuspcircensibus,
585 3039 711 3124 planis,
750 3051 785 3102 et
815 3041 948 3124 agyrtis,
1006 3035 1116 3098 addito
1141 3037 1659 3104 1NV1crA.1t0n1a.FEn1x.
1684 3044 1753 3106 SE·

205 3129 372 3216 Neionem
401 3161 473 3205 cum
496 3139 648 3204 Faustina
674 3138 813 3221 juniore.
855 3142 949 3209 Arbi·
1005 3135 1163 3202 NATVS.
1206 3138 1290 3205 Vide
1319 3159 1387 3225 cap.
1413 3143 1469 3206 111.
1497 3143 1522 3216 i.
1546 3145 1568 3216 4
1593 3143 1626 3204 in
1654 3163 1752 3208 venas

205 3249 305 3312 trium
327 3243 414 3307 istud
435 3263 476 3305 so
498 3241 639 3303 maxime
661 3241 838 3318 elucescit,
861 3241 949 3327 quod
1006 3237 1158 3300 tionibus.
1201 3241 1328 3302 Eorum
1362 3242 1466 3323 major
1503 3263 1577 3325 pars
1612 3243 1752 3328 impera·

207 3361 446 3430 saepenumero
477 3339 610 3404 eosdem
640 3341 736 3423 plane
758 3356 853 3425 typos
875 3365 948 3406 cnm
1007 3351 1115 3400 torum
1137 3340 1233 3400 Rom.
1256 3339 1399 3422 elligiem
1423 3343 1559 3423 sistunt,
1593 3342 1750 3431 frequens

208 3449 307 3516 variis
327 3444 485 3528 capitibus
504 3441 694 3522 conjunctos
712 3440 872 3507 videmus.
894 3445 949 3512 Sin
1008 3439 1039 3497 in
1062 3439 1113 3501 his
1135 3441 1231 3503 etism
1253 3441 1442 3506 Alexander
1456 3450 1522 3522 ld„
1544 3457 1610 3508 tum
1636 3462 1670 3511 et
1690 3447 1753 3514 viri

206 3547 350 3614 fabulam
387 3543 515 3626 Scyllae
551 3539 754 3620 conjunctam
792 3543 951 3606 habemus
1006 3537 1151 3600 illustres
1169 3543 1352 3618 Homerus,
1373 3545 1750 3626 Terentiusffloratius,

208 3671 283 3716 eum
327 3647 432 3732 capite
475 3643 654 3708 Alexandri
692 3646 755 3716 Μ.,
798 3645 950 3720 Neronis,
1007 3640 1146 3723 alitque,
1179 3659 1259 3723 quos
1289 3663 1403 3707 omues
1432 3645 1516 3708 infra
1540 3647 1751 3714 enumerabi-

209 3751 358 3834 Trajani,
379 3747 469 3810 urbis
487 3749 629 3820 Romae,
652 3743 796 3824 Cybelen
819 3745 851 3804 in
874 3765 950 3818 con·
1007 3761 1090 3800 mus.
1134 3743 1285 3824 Denique
1308 3759 1370 3804 non
1393 3745 1489 3830 pauci
1510 3743 1751 3838 offerunt‘pro·

206 3833 312 3918 sartio
348 3851 450 3932 Atyos
485 3847 535 3909 sui
573 3858 697 3911 rectam
735 3865 808 3906 oum
844 3845 950 3928 eapite
1009 3841 1352 3922 tomandssagellum
1375 3856 1563 3922 tenentem:
1583 3867 1609 3911 s.
1632 3865 1753 3931 equum

205 3952 363 4026 Homeri,
390 3950 548 4024 Neronis,
577 3947 785 4028 Vespasiani,
808 3945 949 4030 Trajani.
1006 3941 1103 4006 freno
1127 3943 1318 4022 ducentem,
1347 3963 1412 4029 qno
1439 3957 1518 4028 typo
1545 3944 1655 4010 multis
1680 3969 1752 4014 cre·

205 4058 305 4120 Plura
324 4052 476 4135 exempla
497 4049 558 4113 alia
581 4047 715 4109 babebis
737 4047 832 4110 inira.
884 4051 951 4114 No·
1007 4043 1108 4107 ditum
1138 4045 1377 4130 repraesentari
1405 4047 1567 4111 variorum
1589 4049 1751 4135 imperan-

206 4159 255 4237 vi,
280 4155 448 4222 nonnullis
475 4149 662 4234 antiquariis
676 4169 764 4234 “rem
790 4171 856 4214 uon
885 4173 949 4214 ma·
1006 4145 1086 4208 tium
1118 4145 1284 4229 effigiem,
1315 4146 1374 4210 scd
1396 4146 1586 4214 docebimus
1608 4151 1693 4217 infra
1715 4153 1751 4218 ἰι

206 4259 286 4322 simi
314 4258 441 4340 negotii
472 4255 588 4330 risam,
617 4250 713 4334 nujus
741 4271 846 4316 nexus
875 4271 950 4316 cau·
1005 4247 1358 4330 animadversionibus,
1396 4271 1478 4336 quae
1517 4251 1749 4318 decursionum

206 4381 274 4426 sam
304 4359 465 4442 reperire.
508 4357 582 4416 Nou
615 4373 720 4436 nego,
758 4353 883 4442 ingenii
914 4365 975 4418 et.
1004 4349 1111 4414 numia
1140 4351 1372 4436 subjiciuntur,
1405 4373 1479 4420 esse
1508 4354 1668 4442 imagines
1697 4379 1750 4422 su·

208 4457 400 4536 auditionis
422 4475 486 4538 ope
506 4473 603 4541 posse
619 4453 655 4515 in
671 4453 807 4538 singulis
825 4454 948 4539 aliquid
1004 4455 1160 4540 riparum.

206 4557 376 4646 probabile
405 4556 542 4620 adferri.
581 4557 706 4627 Verum
733 4554 762 4617 si
785 4557 949 4641 probabili
1067 4545 1198 4632 Restat,
1225 4570 1263 4618 ut
1284 4575 1422 4641 quoram
1444 4555 1674 4639 imperantium
1695 4559 1749 4622 ha·

205 4660 393 4744 conjectura
408 4655 563 4722 extudisti
576 4656 718 4743 donique
733 4677 854 4720 nexum
868 4678 900 4748 vg
915 4677 947 4744 g.
1004 4657 1138 4724 beamus
1167 4657 1404 4734 conteruistos,
1439 4656 1583 4721 adbibita
1611 4661 1749 4725 nonnul·

303 4765 392 4842 (Vol.
416 4761 523 4840 7111.)
1477 4761 1508 4824 tt
1529 4781 1552 4822 u
