4482 5560
570 437 647 524 ttlt
692 434 1122 518 PROCONSVLIB.
1168 441 1475 518 CAESARIB.
1731 469 1799 542 :apt

254 625 342 688 inter
378 619 574 686 esistimasit
610 621 750 704 Pagina,
790 623 947 686 Caeteros
979 642 1000 687 a
1055 647 1098 691 es
1121 645 1226 712 aequo
1248 625 1467 692 administrari
1490 627 1690 713 singularum
1709 655 1802 720 prae·

254 725 481 813 proconsulari
508 725 648 810 imperio
674 739 874 808 praenomen
898 728 999 806 Impe-
1055 727 1143 790 sides
1176 729 1305 796 isciliua
1334 733 1582 814 intelligerent,
1614 755 1677 798 nee
1717 741 1800 804 ullas

252 831 373 896 sutoris
398 825 558 890 babuisse.
602 823 804 890 Adversatur
832 825 909 892 buic
933 827 1000 888 ttta-
1054 842 1164 914 partes
1182 831 1271 893 orbis
1287 837 1326 895 tt.
1346 833 1486 918 imperio
1510 835 1598 897 illius
1621 855 1798 924 exemptas,

253 931 368 1008 tisias,
402 949 495 1011 qma,
526 940 645 1012 inquit,
681 941 768 992 sutor
794 925 906 991 titulos
934 929 999 990 Att-
1054 933 1206 1008 trapslats
1232 946 1282 996 est
1308 933 1365 996 ills
1391 937 1596 1016 proconsulis
1623 938 1664 1002 ad
1689 942 1800 1026 Augu·

253 1047 422 1116 gestorum
444 1031 477 1092 in
500 1029 716 1092 marmoribus
745 1049 783 1094 ac
804 1027 909 1090 numis
934 1025 999 1110 pri·
1054 1047 1158 1112 stum,
1179 1039 1668 1103 etsuccessoresuomenclutio.
1691 1043 1799 1132 Atque

253 1155 309 1196 mo
347 1135 423 1199 loco
459 1145 592 1195 notatus
625 1131 736 1195 titulus
778 1130 996 1218 imperatoris,
1054 1135 1170 1201 abbae
1190 1136 1378 1218 Spanltemii
1400 1140 1560 1204 sententia
1580 1163 1645 1206 non
1666 1167 1798 1230 magno.

251 1249 420 1321 1³0⁸lrem⁰
453 1235 677 1320 Pl⁰⁰⁰¹¹⁸⁰¹5⁸s
714 1251 755 1296 0¹
795 1250 860 1316 (1¹⁸⁰
897 1243 996 1313 Psslssla
1053 1235 1360 1322 paradiffartitla,
1382 1246 1647 1332 quam-exposuit
1667 1252 1799 1315 Mszzo·

254 1353 428 1424 utrumque
451 1339 550 1422 longe
577 1335 727 1398 diversae
754 1351 826 1396 esse
848 1333 994 1407 rationis,
1053 1341 1147 1406 lanua
1163 1337 1208 1420 b),

252 1455 307 1506 ant
332 1440 447 1504 saltem
472 1457 569 1501 unum
593 1435 633 1502 ab
658 1437 763 1500 altero
792 1455 994 1520 naquaquam
1114 1443 1165 1504 Ex
1180 1441 1274 1506 dictis
1288 1440 1457 1507 luculente
1470 1447 1696 1532 perspicimus,
1713 1473 1797 1538 quae

251 1541 424 1608 evidenter
442 1539 595 1606 deriuari.
639 1537 789 1614 Deinde,
812 1535 994 1622 quandoab
1052 1543 1797 1639 fueritimperiiprocousularisCaesareipraa

251 1645 406 1732 Augustis
436 1662 556 1706 nomen
579 1642 726 1705 Caesaris
754 1659 791 1702 ao
818 1641 993 1722 imperium
1051 1647 1129 1722 illc,
1153 1646 1238 1730 quud
1265 1645 1298 1706 in
1314 1645 1396 1710 alios
1416 1647 1507 1710 torio
1524 1663 1673 1736 tempore
1697 1659 1798 1724 eolla.

249 1747 485 1837 proconsulare
512 1744 608 1806 altori
632 1743 785 1820 dabatur,
816 1741 846 1802 is
872 1739 913 1804 ab
934 1741 995 1806 im·
1051 1748 1208 1824 tumiuit,
1232 1746 1439 1811 excellentia.
1483 1751 1535 1812 Ex
1548 1753 1688 1817 adducto
1707 1760 1795 1823 enim

249 1851 344 1936 perio
368 1847 593 1933 proconsulari
616 1843 868 1906 nundinabatur
892 1843 993 1924 impe·
1050 1851 1144 1916 altius
1162 1849 1276 1912 Dionis
1294 1847 1501 1926 testimonio,
1524 1871 1588 1936 quo
1607 1853 1713 1920 delata
1729 1861 1795 1924 Au·

249 1967 358 2028 rator,
388 1953 445 2013 aed
465 1949 652 2032 proconsul.
698 1947 782 2008 Sane
803 1963 910 2030 neque
930 1947 993 2008 Nc·
1050 1967 1146 2036 gusto
1175 1969 1213 2014 ea
1242 1963 1386 2034 potestus
1414 1965 1583 2030 narratur,
1624 1957 1728 2042 liquet
1758 1965 1795 2040 1,

248 2073 382 2124 nonem,
421 2071 529 2134 neque
557 2053 603 2112 ld.
630 2047 799 2110 Aurelium
824 2045 991 2122 Caesarea,
1047 2053 1149 2116 fuisse
1170 2071 1240 2116 eam
1264 2051 1421 2134 majoram
1447 2047 1480 2112 in
1505 2056 1641 2140 singuli,
1662 2064 1794 2142 provin.

248 2157 310 2221 etsi
326 2169 466 2238 uterque
489 2149 717 2238 proconsulari
735 2147 874 2229 imperio
897 2166 992 2209 orna·
1047 2157 1125 2231 ciis,
1149 2173 1242 2240 quam
1268 2173 1378 2216 earum
1407 2153 1583 2248 praefectis
1607 2161 1792 2242 ordinariis,

248 2271 429 2336 torreret,
458 2256 581 2336 uspiam
615 2249 755 2336 legimus
784 2249 990 2335 imperatoris
1047 2277 1090 2322 ex
1111 2276 1176 2341 quo
1192 2255 1266 2338 jure
1283 2255 1324 2320 de
1347 2258 1507 2322 seniculis
1526 2261 1796 2343 Spanhemii,ssu.

246 2355 460 2440 praenomine
485 2373 571 2415 usos.
621 2351 747 2416 Taedet
766 2355 908 2416 rationes
931 2351 991 2413 Pa·
1048 2358 1095 2423 sit
1131 2359 1227 2422 etiam
1263 2370 1425 2440 potestas,
1474 2361 1507 2420 itt
1545 2367 1791 2444 proconsulum,

248 2459 313 2544 gii,
333 2457 454 2541 'quibua
478 2457 504 2517 is
522 2477 578 2517 sus
596 2453 705 2531 fulcit,
739 2470 793 2518 sut
815 2454 990 2538 speciosus,
1047 2460 1101 2542 qui
1121 2459 1295 2541 prouinciis
1320 2461 1433 2542 populi
1452 2465 1491 2524 R.
1507 2480 1715 2545 praeessent,
1744 2469 1792 2534 fa·

247 2558 478 2634 autiulirmas,
508 2555 680 2621 autnimio
699 2555 990 2628 subtileareserre,
1048 2575 1099 2624 cta
1119 2574 1150 2621 et
1182 2580 1292 2624 mores
1320 2559 1526 2642 inquirendi,
1562 2567 1667 2630 missis
1691 2571 1789 2634 etiam

245 2683 342 2745 quas,
364 2661 391 2722 si
416 2661 525 2745 cupis,
546 2659 702 2726 collectas
724 2656 824 2719 habes
843 2657 927 2740 apud
945 2655 988 2720 cl.
1047 2663 1079 2724 in
1109 2683 1164 2724 ess
1191 2660 1414 2742 cognitoribus
1424 2667 1449 2738 ‚·
1467 2663 1522 2746 qui
1543 2685 1615 2730 suas
1636 2687 1675 2731 ea
1698 2671 1730 2730 in
1753 2693 1790 2736 re

242 2765 489 2828 Mausoleum.
531 2760 575 2823 At
591 2759 701 2824 docuit
718 2759 932 2841 spanhemius
949 2765 989 2841 ¹),
1047 2763 1136 2828 vices
1148 2764 1341 2848 implerent,
1364 2752 1591 2844 cujusillustre
1602 2773 1791 2856 exemplum

245 2888 395 2944 omnem,
423 2878 479 2931 aut
505 2877 597 2944 cette
613 2863 821 2946 praecipuam
842 2863 907 2924 tim
932 2881 990 2944 po·
1047 2863 1147 2930 offert
1162 2885 1305 2930 marmor
1322 2861 1458 2926 Gruteri
1473 2867 1514 2948 ο).
1536 2869 1576 2932 11.
1594 2869 1696 2936 inissa
1715 2892 1793 2936 eum

242 2971 368 3034 testatis
385 2965 629 3052 proconsularia
651 2967 684 3026 in
707 2963 913 3048 imperatorie
934 2981 988 3026 to·
1045 2967 1311 3056 proconsulatum
1346 2977 1563 3050 perpetuum,
1601 2991 1685 3050 uon,
1716 2995 1792 3059 qa..

243 3071 362 3136 csbulo
378 3072 478 3134 inisse
502 3069 659 3152 positam,
681 3067 772 3149 cujus
797 3086 917 3149 nempe
935 3086 989 3126 ou·
1045 3073 1085 3134 lia
1103 3071 1165 3134 suit
1183 3089 1314 3146 eorum,
1338 3089 1419 3152 qnos
1438 3089 1535 3151 supra
1552 3077 1790 3154 recensuimus,

243 3173 353 3258 spiciis
369 3169 509 3236 Romani
533 3168 633 3230 duces
653 3169 740 3234 bella
759 3168 988 3252 suscipiebant,
1045 3175 1298 3256 temporarium,
1320 3191 1428 3254 neque
1449 3191 1586 3235 neeesse
1610 3175 1730 3252 ΜΝ,
1752 3179 1792 3240 il.

240 3295 307 3360 quo
335 3293 401 3336 uno
426 3271 559 3334 nomine
584 3263 772 3354 supremum
799 3285 985 3333 exterorum
1042 3275 1101 3340 lud
1121 3273 1225 3339 semel
1247 3285 1416 3356 acceptum
1444 3273 1601 3358 deinceps
1625 3280 1789 3357 renovari,

240 3379 348 3460 jutta,
386 3385 420 3437 et
443 3371 639 3434 urbanarum
669 3393 780 3434 rerum
805 3371 985 3448 arbitrium,
1038 3392 1097 3440 sut
1123 3379 1179 3438 111.
1203 3397 1278 3439 com
1306 3375 1390 3439 iutra
1414 3377 1621 3458 pomoerium
1647 3377 1792 3463 depone·

241 3477 455 3558 omniumque
473 3473 719 3555 magistratuum
734 3473 804 3554 jura
827 3473 859 3534 itt
876 3474 987 3556 Augu·
1042 3495 1101 3550 re,
1133 3473 1222 3558 quod
1251 3487 1361 3538 tamen
1391 3476 1463 3539 aliis
1492 3477 1552 3540 suit
1582 3479 1789 3563 imperatum.

240 3593 347 3654 stum,
382 3589 420 3640 stt
444 3574 543 3640 donet
570 3575 655 3650 Dio,
692 3573 788 3640 incre
821 3573 984 3638 translata·
1042 3577 1094 3637 Eo
1116 3573 1176 3638 tibi
1202 3575 1450 3656 proconsulatus
1467 3581 1618 3642 Caesarei
1640 3601 1705 3643 rtort
1723 3604 1789 3644 am·

240 3685 384 3756 Tamen,
413 3678 476 3743 etsi
495 3675 731 3762 proconsulare
757 3674 931 3760 imperium
946 3673 986 3738 sb
1042 3677 1133 3760 plum
1152 3673 1251 3740 modo
1268 3675 1463 3754 discrimen,
1486 3681 1544 3742 sed
1567 3695 1601 3743 et
1622 3682 1790 3744 excellen-

240 3779 774 3866 imperatoristituloducaretur,
795 3777 985 3860 inissepro·
1042 3778 1130 3841 tiam.
1174 3777 1255 3842 Nam
1284 3777 1312 3837 si
1341 3775 1406 3858 jam
1434 3780 1550 3857 nimis,
1580 3793 1612 3843 et
1643 3780 1789 3847 libertati

241 3885 385 3952 consulis
400 3903 519 3946 nomen
532 3881 691 3966 peculiari
706 3879 748 3944 de
766 3900 881 3956 cauea,
902 3893 935 3942 et
951 3878 985 3939 in
1041 3878 1172 3940 inimica
1193 3877 1361 3962 plerisque
1379 3877 1447 3942 risa
1465 3879 1527 3944 init
1543 3884 1789 3966 proconsularis

240 3989 379 4072 Augusti
394 3985 533 4070 gratiam
549 3984 704 4050 additum.
748 3983 880 4048 Dirisne
895 4001 987 4044 nem·
1041 3979 1193 4064 Pompeii
1214 3991 1374 4062 potestas,
1397 3981 1460 4042 etsi
1481 3983 1564 4046 intra
1588 3984 1788 4072 quinquage-

239 4109 282 4174 po
304 4089 344 4152 ab
366 4109 408 4152 eo
433 4089 541 4152 suerat
566 4087 656 4152 orbis
677 4089 718 4150 il.
744 4085 778 4146 in
800 4081 984 4170 prouincias
1041 4085 1159 4147 simum
1186 4081 1305 4145 amari
1330 4081 1516 4148 milliarium
1548 4087 1786 4168 contineretur,

239 4191 387 4255 Caesaris
400 4206 434 4254 et
448 4189 577 4274 populi,
599 4210 735 4274 quarum
746 4185 984 4270 posterioribus
1040 4200 1161 4272 quanto
1176 4183 1388 4249 illustriorem
1396 4207 1532 4252 necesse
1542 4201 1592 4252 est
1600 4186 1701 4254 inisse
1711 4213 1789 4275 pro·

238 4293 442 4376 magistratus
459 4292 573 4376 populi
592 4293 652 4354 sub
675 4289 908 4375 proconsulum
927 4308 985 4352 no·
1042 4289 1243 4356 consulatum
1267 4289 1488 4370 Augusteum,
1519 4291 1574 4356 cni
1597 4293 1786 4375 prouinciae
1890 4325 1894 4338 ·

239 4395 326 4458 mine
340 4406 540 4478 praeessent.
584 4391 699 4470 Vnde,
722 4393 983 4458 ntnibilominut
1040 4411 1170 4466 omnes,
1200 4409 1309 4476 neque
1328 4404 1450 4455 tantum
1475 4410 1585 4456 earum
1610 4416 1703 4477 pars,
1727 4395 1788 4461 sed

238 4497 386 4566 caesana
404 4493 556 4579 auspiciis
576 4513 690 4560 omncs
707 4495 782 4562 illas
796 4495 982 4580 provincias
1040 4507 1127 4561 totae
1140 4493 1275 4560 fuerunt
1289 4492 1478 4578 subjectae?
1502 4495 1713 4592 Quupropter
1728 4516 1785 4561 ne·

269 4719 301 4786 a)
321 4711 398 4774 ttlss.
418 4707 484 4770 ΧΠ.
503 4729 533 4788 p.
551 4707 616 4774 tot.
689 4703 764 4778 1))1,
784 4723 808 4766 c.
827 4727 860 4786 p.
881 4709 944 4775 1⁵6.
1017 4711 1045 4784 c)
1064 4709 1132 4784 Peg.
1151 4716 1215 4775 581·
1235 4715 1263 4771 ὅ.
