4482 5560
724 403 1232 510 rsuvco'noneus.
1462 433 1465 440 “
1703 457 1775 528 raa

220 623 360 692 siderius
390 622 510 685 Caesar
542 627 593 682 est
628 614 738 700 petius
767 615 961 680 Desiderius
1018 615 1094 680 tiata
1116 651 1128 668 ·
1147 647 1161 666 ·
1180 649 1194 665 ·
1215 613 1328 681 lLOS.
1363 617 1646 686 HERACEEOS.
1689 623 1770 690 Her.

221 727 341 810 aor'igs.
371 719 456 794 Vide
472 717 558 782 inira
576 721 681 804 capite
699 737 768 802 seq.
786 717 819 781 iu
837 717 963 780 Decur-
1019 723 1106 782 celes
1126 722 1157 780 d.
1180 722 1324 794 cleram,
1354 705 1380 785 ε’.
1413 725 1515 786 leonis
1536 729 1674 788 sanatos
1689 748 1770 807 pue*

222 825 365 892 sionibus
388 823 447 888 sub
468 821 615 886 nesti).
637 821 704 884 ΝΟ.
1020 822 1126 882 rulant
1152 824 1272 882 nudum
1294 823 1359 882 silei
1379 824 1594 888 blandientem
1621 831 1767 908 sosttoot,

285 931 444 995 Iulianus.
473 921 658 987 Adrccstsi
686 939 728 982 ex
753 912 964 982 armentale
1022 923 1057 984 ta
1100 927 1184 984 imo:
1227 919 1419 984 Annuus.
1474 923 1608 1006 (l'auini
1652 926 1771 1010 Suppl,

223 1031 328 1105 lecto,
350 1027 406 1113 qui
429 1037 478 1088 est
497 1021 653 1088 Antonini
670 1021 731 1082 Pii.
776 1020 860 1088 Vide
881 1017 966 1081 inira
1021 1021 1163 1084 Baudur.
1188 1040 1220 1104 p.
1237 1019 1327 1104 373.)
1355 1021 1496 1089 Videtur
1514 1026 1676 1110 puerulus
1699 1047 1773 1094 essa

224 1131 331 1215 cupite
349 1148 421 1212 seq.
439 1127 465 1202 §.
480 1125 500 1188 lt
516 1121 796 1193 wnocurttvs.
840 1125 900 1184 Est
922 1134 969 1184 ts·
1023 1121 1202 1206 Telephus.

224 1251 300 1297 meu
322 1231 356 1292 in
377 1247 491 1291 museo
512 1228 624 1290 Princ.
644 1222 869 1314 deleldeclt
891 1240 968 1284 con·
1307 1263 1327 1303 „
1388 1219 1408 1262 *
1470 1268 1490 1307 ,

225 1333 399 1407 toruiatus,
427 1329 461 1390 iu
490 1325 581 1410 cujus
610 1327 715 1392 antica
743 1337 793 1386 cst
814 1319 968 1407 pr'ctcme
1086 1322 1138 1385 Eu
1155 1321 1219 1386 hcc
1235 1322 1386 1404 catalogo
1402 1323 1637 1410 perspicimus,
1659 1331 1770 1416 Augu·

226 1435 341 1498 lulisui
363 1434 487 1516 galeata
508 1450 533 1491 s.
556 1427 753 1525 clypeum
1026 1437 1152 1486 storum
1190 1424 1262 1487 aliis
1299 1422 1424 1500 nullos,
1466 1427 1537 1491 aliis
1576 1449 1772 1514 perpaucos,

286 1535 451 1600 larissaei.
484 1529 588 1616 Hujus
605 1547 755 1602 numum,
778 1523 907 1588 etmihi
923 1521 970 1588 vi·
1026 1525 1151 1588 Neroni
1178 1545 1215 1588 sc
1245 1525 1385 1605 Trajauc
1415 1547 1533 1608 magno
1563 1550 1701 1596 numero
1724 1534 1774 1598 lu·

226 1637 340 1710 detur,
368 1633 572 1716 ambiguum,
601 1643 657 1692 sut
679 1627 824 1710 spurium
851 1625 971 1709 produ·
1027 1628 1092 1689 isse
1124 1623 1304 1690 dedicatos.
1349 1629 1417 1691 Cur
1438 1625 1471 1686 tn
1493 1626 1621 1694 duobus
1642 1631 1693 1693 his
1717 1637 1774 1698 ob·

225 1755 295 1802 cem
326 1735 411 1799 iulrs
442 1731 476 1796 in
497 1730 831 1796 animadversionibus
853 1731 894 1792 ad
916 1728 970 1790 de·
1027 1727 1195 1791 servandis
1220 1741 1282 1793 taur
1305 1724 1430 1790 inerint
1450 1728 1557 1792 seduli
1577 1731 1616 1808 ii,
1639 1735 1694 1817 qui
1712 1736 1773 1800 hos

219 1826 411 1902 ¹cursionum
432 1857 559 1899 numos.
1026 1848 1144 1891 numos
1164 1826 1336 1892 feriendos
1357 1849 1534 1916 curavere,
1568 1833 1773 1914 probabilem

287 1941 460 2002 Honorius.
488 1937 589 1998 Binos
606 1933 697 1998 dedit
715 1935 968 2014 Hssercampus,
1003 1928 1165 2014 ·sliquam
1191 1949 1319 1993 causam
1346 1933 1453 2015 capite
1470 1933 1521 2012 Ν.
1551 1933 1771 2015 proferemus.

225 2039 390 2123 aliumque
414 2057 561 2100 museum
584 2035 760 2118 Theupcli.
1026 2034 1070 2094 At
1098 2031 1133 2092 in
1162 2031 1234 2094 aliis
1264 2031 1333 2095 sive
1362 2031 1588 2117 negligendis,
1611 2035 1679 2100 sive
1703 2057 1776 2120 par·

293 2144 486 2204 Tteoetastm
494 2142 540 2202 11.
562 2137 642 2218 Ejus
652 2133 891 2200 conturniatum
901 2131 971 2198 rul-
1029 2131 1098 2196 cius
1122 2131 1307 2197 inserendis
1325 2136 1433 2198 solum
1453 2135 1511 2198 eos
1531 2134 1702 2199 arbitrium
1723 2159 1775 2202 se·

227 2241 316 2323 gerit
341 2237 496 2303 Taninius
519 2235 553 2298 iu
582 2255 642 2299 suc
668 2235 904 2322 supplemento
932 2235 972 2300 ad
1029 2248 1122 2298 cotos
1143 2235 1240 2316 plane
1263 2235 1431 2310 existimo,
1463 2249 1559 2318 atque
1581 2236 1690 2300 eidem
1712 2260 1773 2303 nos

226 2339 438 2405 Bandurium.
1029 2353 1145 2400 causae
1163 2333 1301 2412 debere,
1323 2337 1440 2400 curiis
1455 2357 1624 2402 arcessere
1642 2343 1773 2425 placue-

290 2445 360 2506 Pto.
386 2441 643 2503 Valentinianus.
687 2433 840 2532 Quinque
867 2436 973 2504 sarim
1028 2438 1072 2498 rit
1092 2441 1293 2513 Homerum,
1309 2439 1505 2515 Horatium,
1528 2454 1591 2502 etc.
1614 2443 1775 2524 neglectis

228 2543 355 2627 ΝῬθήῑ
375 2543 633 2621 H⁸V⁶f⁰⁸⁰¹Pl¹20
1028 2537 1099 2600 eliis
1126 2557 1192 2600 nou
1220 2538 1357 2604 minoris
1384 2537 1490 2606 ismae
1512 2539 1658 2606 Graecos
1684 2545 1771 2610 inter

292 2646 492 2710 Anthemius.
513 2637 595 2722 Ejus
615 2639 707 2704 uumi
727 2637 906 2724 epigraphe
928 2639 975 2706 ri·
1027 2650 1125 2724 atque
1147 2639 1324 2706 Romanoa,

834 2874 1061 2939 ΜΡΝ
1096 2876 1160 2940 111.

680 3057 728 3119 De
747 3057 834 3138 lypis
854 3059 1125 3150 contotniotorum
1145 3057 1183 3120 itt
1201 3059 1314 3138 specie.

290 3255 533 3334 Harsrcsmpus
551 3250 733 3332 catalogum
753 3249 972 3322 coptorniato·
1028 3251 1113 3326 rico,
1135 3252 1192 3312 111.
1211 3269 1367 3334 personas
1387 3249 1555 3328 illustres,
1576 3271 1613 3317 ac
1632 3253 1773 3338 primum

227 3377 302 3422 rum
328 3351 506 3418 secundom
534 3351 637 3434 capita
662 3351 915 3431 imperatorum,
938 3367 971 3415 et
1029 3351 1160 3436 quidem
1192 3353 1328 3428 heroes,
1368 3354 1541 3432 heroides,
1571 3374 1688 3437 reges,
1719 3355 1775 3420 de·

229 3459 374 3522 virorum
392 3451 568 3516 illustrium
585 3447 738 3531 digessit,
761 3450 972 3532 qooimtum,
1029 3451 1106 3514 inde
1125 3453 1213 3516 viros
1232 3455 1416 3517 eruditione
1433 3455 1552 3520 claros.
1596 3455 1654 3525 tv.
1675 3457 1775 3542 Spec·
1812 3443 1817 3452 ’

229 3570 266 3621 ut
295 3554 426 3619 easdem
454 3571 598 3626 aversas,
629 3550 779 3634 quonism
808 3551 868 3612 hee
898 3571 971 3614 cum
1030 3555 1151 3628 tacolo,
1180 3571 1263 3636 quse
1294 3552 1467 3620 drvrdrmus
1499 3579 1511 3618 ι
1543 3555 1578 3617 iu
1607 3554 1775 3620 decursio·

229 3659 378 3746 pluribus
408 3651 641 3737 imperantibus
672 3664 747 3711 sunt
775 3670 975 3728 communes,
1033 3663 1157 3732 ncs‚'a
1187 3656 1226 3714 irr
1252 3657 1458 3732 venationes,
1489 3657 1509 3722 3
1538 3655 1572 3717 iu
1599 3634 1773 3742 pugilatus,

228 3761 358 3845 saepius
380 3776 462 3842 opus
483 3767 570 3818 esset
592 3765 759 3836 repetere.
800 3754 891 3836 Ego,
918 3755 973 3838 qui
1029 3757 1105 3831 nin
1128 3753 1269 3852 scenica.
1311 3758 1353 3823 V.
1382 3757 1611 3820 Contorniatcs
1632 3777 1706 3820 cum
1727 3773 1775 3840 ty·

228 3863 263 3926 iu
281 3861 332 3924 hls
355 3857 462 3924 uumis
477 3868 586 3939 partes
610 3874 741 3918 aversas
763 3875 842 3937 prae
862 3853 973 3936 capiti·
1029 3857 1080 3941 pis
1098 3854 1285 3920 domesticis
1302 3857 1454 3942 coguitis.
1496 3860 1553 3927 vt.
1576 3857 1700 3922 Nomos
1718 3877 1773 3922 ex·

228 3965 290 4030 lius
320 3963 553 4048 imperatorum
580 3955 644 4038 jam
675 3941 807 4020 aliunde
832 3955 972 4038 coguitis
1029 3957 1170 4042 plicatus
1189 3957 1343 4044 ambigui.

208 4066 333 4150 magis
355 4058 545 4146 spectandas
571 4071 669 4141 poto,
701 4059 823 4122 rectiut
851 4078 903 4121 me
928 4057 973 4122 ia·

229 4181 358 4233 esurum
380 4161 549 4236 existimo,
576 4159 605 4221 si
626 4159 661 4220 iu
681 4156 722 4221 iis
743 4158 972 4224 enumerandis
1228 4176 1262 4266 p,
1282 4180 1308 4243 1.
1344 4169 1591 4264 Mytholopicm'

229 4263 494 4351 explicandisque
517 4261 710 4345 plerumque
728 4281 858 4325 asemas
879 4279 973 4346 prae·
1685 4305 1700 4336 ,

229 4369 345 4436 faram.
389 4363 551 4456 Quoniam
580 4381 660 4428 sero
689 4361 751 4428 hae
781 4361 972 4448 multiplicis
1173 4365 1285 4445 optata
1305 4375 1346 4468 ⁸et
1372 4371 1455 4449 Atys
1478 4369 1519 4438 iss
1544 4369 1619 4431 citis
1646 4369 1772 4431 leonem

229 4479 322 4541 aunt,
352 4463 525 4547 variaeque
554 4475 703 4540 naturae,
732 4483 870 4528 neeesse
891 4477 971 4549 puto
1170 4468 1349 4548 quodrips's.

228 4572 263 4634 in
281 4564 390 4634 varios
404 4583 457 4628 eas
476 4561 631 4628 articulos
647 4563 810 4640 tribuere,
832 4585 971 4650 quorum
1030 4567 1133 4644 capot
1152 4567 1293 4630 Homeri.
1316 4564 1476 4648 (Gessuer
1484 4565 1585 4652 impp.
1598 4565 1662 4632 tab.
1672 4537 1772 4636 ΪῙΝ.
1927 4639 1932 4646 .

231 4675 257 4736 l.
280 4667 521 4754 complectetur
544 4665 779 4750 mythologice,
797 4667 849 4728 ·ll.
870 4665 971 4732 ltisto·
1027 4686 1115 4730 uum.
1138 4666 1209 4750 3ο.)
1245 4671 1403 4750 depasti,
1440 4667 1557 4747 (catal.
1581 4665 1772 4752 d'Ennery.)
1876 4685 1884 4697 ·

564 4797 570 4808 ·
1028 4805 1035 4814 -
1464 4767 1495 4830 N
1511 4789 1574 4832 uu
