4482 5560
684 389 760 466 DE
801 383 1035 468 NOMINE
1083 385 1356 466 AVGVSTI.
1716 413 1789 479 351

245 575 428 644 consularis
444 571 633 658 potestatis,
661 569 869 658 pontificatus
892 573 991 640 atsai-
1046 583 1115 634 taut
1138 573 1301 656 Angustos
1330 571 1468 639 haberet
1497 571 1682 658 imperium.
1725 583 1791 644 Aa·

246 681 291 744 ani
314 693 377 745 eto.
403 695 593 763 supremam
612 693 693 738 saro
709 675 847 758 Augusti
869 693 988 740 nomen
1046 675 1090 736 cti
1114 676 1245 738 numeri
1266 675 1362 762 plura
1381 687 1470 738 aetas
1484 677 1618 761 sequior
1638 679 1718 746 sidit
1735 703 1793 744 ex·

244 781 419 857 indicetis,
463 775 637 842 collectam
684 777 768 840 ltaac
810 779 988 862 potentinus
1046 775 1165 859 stapla.
1206 777 1250 838 At
1275 763 1459 858 quaeritur,
1487 800 1571 863 qaae
1592 795 1662 844 tura
1688 781 1791 848 laede

244 904 311 948 uao
334 885 440 968 capite
466 879 639 946 contineri.
683 875 759 970 Quo
778 877 915 955 iactans,
943 891 989 956 at,
1047 876 1250 959 singulorum
1266 878 1713 964 majorsainorrepntestss‚
1734 897 1791 950 aut

243 987 502 1052 uuannnnen
528 981 737 1066 opinionem,
758 994 793 1044 et
813 981 913 1068 ipsunt
929 982 989 1043 ins·
1046 975 1196 1060 dignitss.
1239 979 1309 1042 Has
1336 999 1398 1063 pro
1422 981 1519 1044 seriis
1543 987 1649 1047 causis
1678 988 1790 1052 varias

244 1085 331 1172 perii
361 1085 563 1166 majestatem
592 1096 740 1166 spectes,
771 1083 902 1146 nostine
927 1081 990 1144 Au·
1045 1080 1142 1144 etism
1165 1079 1308 1146 suerunt.
1351 1083 1399 1160 ls,
1429 1083 1486 1165 qui
1508 1075 1570 1147 siit
1600 1107 1698 1172 quera
1718 1089 1790 1153 001.
1830 1159 1833 1170 Ι

244 1187 331 1274 gasti
353 1186 442 1250 orbis
464 1200 626 1249 terramus
648 1183 729 1246 nihil
758 1184 988 1262 haberetillu·
1046 1179 1153 1266 legam
1184 1181 1341 1257 adscivit,
1370 1183 1442 1247 sire
1470 1184 1593 1262 filiurn,
1625 1191 1695 1253 eise
1724 1190 1790 1254 fr..

242 1291 365 1365 strias,
387 1285 723 1371 atsgnificentiasque,
745 1297 841 1370 atquo
857 1285 987 1350 nonnisi
1043 1291 1146 1357 “0¹³2
1168 1283 1237 1348 'il‘
1251 1297 1462 1361 ⁰¹i¹⁸¹¹0¹¹ms
1484 1286 1570 1350 hflfld
1589 1289 1688 1358 dubie
1709 1294 1790 1359 enti·

242 1391 309 1457 lton
331 1391 443 1454 delato
465 1407 624 1452 saumana
649 1385 791 1470 denique
821 1385 985 1470 fastigiata
1044 1384 1114 1445 nait
1134 1383 1311 1468 dignitate,
1336 1399 1371 1450 nt
1388 1385 1583 1472 plerunque
1612 1395 1709 1456 etiarn
1730 1414 1790 1477 po·

241 1487 498 1576 intelligeretur.
539 1489 649 1552 Fuere
670 1489 853 1573 principes,
876 1489 932 1572 qai
951 1491 987 1552 li-
1044 1497 1170 1550 testste.
1215 1489 1329 1550 Patres
1352 1483 1493 1550 dubitari
1511 1493 1624 1578 aequit
1646 1508 1787 1578 atroque
1917 1547 1920 1560 .

241 1593 295 1657 liis
313 1596 398 1671 suis,
421 1614 484 1658 ceu
500 1593 717 1674 Vespasianus
731 1590 828 1668 Tito,
849 1590 986 1654 Hadria·
1041 1588 1281 1670 praevaluisse,
1303 1600 1338 1652 at
1357 1589 1517 1654 Severum
1543 1613 1622 1676 prae
1638 1591 1713 1657 filiis
1729 1599 1790 1662 Ca-

241 1717 302 1758 nas
319 1695 504 1771 Antonino,
529 1713 649 1758 nonten
667 1691 834 1769 Caesaris,
856 1692 934 1776 quin
951 1705 984 1756 et
1041 1690 1180 1768 sacello,
1214 1704 1248 1754 et
1274 1689 1369 1754 Geta.
1420 1693 1526 1774 Major
1552 1693 1649 1762 etiaas
1681 1697 1786 1762 honos

238 1795 449 1880 imperatoris
464 1793 686 1876 indulgerent.
731 1795 853 1858 strum
871 1813 988 1858 socun-
1040 1791 1169 1856 liabitas
1198 1795 1245 1856 Π.
1272 1791 1431 1869 Aurelio,
1466 1815 1562 1877 quara
1598 1795 1694 1878 ltajus
1724 1821 1787 1881 per

240 1899 275 1962 di
296 1911 418 1962 tantuna
440 1895 562 1978 lastigii
583 1893 788 1978 putabantur.
817 1894 931 1989 ..Quod
957 1897 984 1958 si
1037 1893 1251 1978 adoptionem
1278 1890 1372 1955 l'rstri
1401 1893 1439 1956 L.
1463 1895 1572 1973 Vero,
1603 1917 1703 1982 quem
1726 1900 1786 1964 ille

239 1999 407 2084 principes
418 1995 686 2078 norneaAagasti
701 1993 851 2059 detulere
861 1997 984 2073 alteris,
1036 1992 1081 2056 ad
1101 1995 1232 2078 imperii
1252 1994 1451 2058 consortium
1476 1997 1623 2074 vocavit,
1652 2009 1689 2062 to
1710 2022 1788 2086 pro·

238 2115 276 2166 ut
299 2105 345 2166 Μ.
374 2097 529 2162 Aurelius
558 2097 597 2158 L.
621 2100 711 2166 Vero
736 2097 848 2168 fratri.
886 2109 982 2182 atque
1039 2109 1115 2178 pter
1131 2097 1269 2158 eandem
1286 2115 1413 2160 caussas
1432 2097 1657 2162 Diocletianus
1682 2103 1787 2170 hono

238 2203 328 2266 ideas
351 2195 757 2273 sertasfitiocnanooo,
779 2211 848 2260 turn
871 2199 985 2282 ltiprie
1038 2197 1142 2259 rstior
1170 2195 1379 2262 Maximiano.
1436 2200 1601 2264 Caracalla
1628 2203 1785 2286 dignitate

239 2325 329 2367 musa
345 2301 510 2386 fastigium
526 2296 748 2362 credebantur
763 2297 925 2378 adsecuti,
948 2313 983 2363 et
1027 2299 1177 2382 praeivit
1190 2295 1329 2374 Getam,
1358 2299 1422 2362 etsi
1441 2301 1510 2382 pari
1530 2317 1704 2392 utrnrnqae
1726 2329 1786 2391 po-

238 2404 341 2468 habiti
362 2413 537 2468 consortes
563 2399 711 2484 imperii,
750 2411 784 2461 et
812 2401 982 2486 conlegae,
1037 2411 1154 2462 testate
1173 2399 1335 2482 imperare
1352 2401 1602 2486 volueritpater
1621 2407 1785 2488 Seseras;

237 2517 275 2568 et
289 2507 416 2567 honore
428 2500 538 2586 psallo
553 2500 648 2562 fuera
660 2499 838 2564 inferiores
854 2503 904 2579 iis,
922 2503 983 2588 qui
1038 2499 1089 2560 illi
1107 2501 1196 2563 enim
1214 2513 1250 2562 et
1262 2515 1369 2575 aetas,
1394 2514 1427 2563 et
1446 2504 1609 2568 auctiores
1625 2511 1786 2592 Augustei

238 2605 446 2678 detulerant,
468 2615 564 2688 atque
581 2600 633 2664 sel
651 2601 744 2678 ideo,
766 2603 983 2685 quiadetuls·
1038 2601 1126 2664 titali
1153 2601 1226 2663 unni
1251 2601 1427 2684 proluere,
1460 2624 1497 2667 ea
1524 2621 1699 2690 propterea
1723 2615 1783 2676 eti·

235 2719 325 2774 rant.
364 2708 524 2770 Ceterum
543 2703 680 2786 Augusti
706 2701 836 2766 titulurn
860 2717 982 2769 tentans
1036 2723 1090 2766 ant
1116 2703 1205 2767 solas
1227 2702 1254 2764 is
1279 2701 1465 2784 pontificato
1489 2706 1630 2771 masiano
1650 2724 1784 2776 ornatus

235 2807 430 2892 dignitatem
461 2805 582 2888 absque
619 2815 777 2886 potestate
808 2805 980 2885 addidisse,
1038 2803 1111 2870 luit.
1153 2805 1245 2868 Haeo
1268 2806 1374 2866 osnnia
1395 2823 1469 2866 caat
1491 2806 1643 2874 abessent
1661 2812 1785 2879 iaBel·

237 2907 505 2993 velindeliquet,
528 2904 614 2990 quod
629 2905 885 2976 nonsdltnssere
895 2907 981 2991 prin·
1038 2905 1136 2981 bino,
1158 2919 1193 2968 ct
1214 2904 1379 2992 1’aplcao„
1401 2925 1474 2968 anat
1494 2920 1667 2995 atrumque
1691 2935 1784 2980 aeas·

234 3012 330 3095 cipes
353 3029 427 3074 eam
448 3007 601 3071 conferre
619 3007 652 3068 ia
673 3029 814 3087 osam,
836 3009 980 3094 aliasque
1021 3019 1089 3069 ‘tus
1107 3019 1245 3090 propter
1263 3021 1412 3090 tempora
1436 3007 1518 3093 reip.
1542 3011 1583 3073 ud
1606 3014 1783 3097 imperium

236 3115 470 3187 dominatuum
490 3109 588 3169 darno
611 3110 769 3173 Caesares
792 3110 980 3193 conjunctos
1036 3107 1185 3185 vocarit,
1221 3109 1411 3192 percutitis
1434 3111 1567 3196 utrique
1589 3127 1784 3199 etpotesls·

171 3209 175 3216 '
235 3196 362 3298 negetis
380 3207 627 3294 quibuscunque
642 3209 724 3286 eliis,
748 3211 802 3293 qai
820 3211 978 3294 adjectam
1036 3223 1122 3285 tem,
1142 3223 1179 3274 et
1205 3209 1396 3293 dignitstcat
1420 3211 1555 3292 detulit,
1583 3199 1703 3282 collato
1719 3221 1784 3282 eti·

236 3313 383 3381 tabuere
405 3319 617 3394 potestastis,
656 3311 730 3392 qais
750 3313 854 3375 Reuss
884 3327 979 3376 setas
1036 3332 1087 3373 am
1116 3311 1150 3372 iu
1180 3323 1372 3397 utrumque,
1408 3313 1500 3397 quod
1535 3317 1671 3381 antehoc
1700 3341 1783 3384 uan-

235 3411 326 3480 onsni
340 3431 422 3477 aero
438 3409 628 3473 asalieaes'a
645 3411 745 3476 rebus
759 3409 914 3493 gerendis
927 3425 978 3476 cst
1036 3431 1130 3493 quasa
1147 3403 1295 3488 'factam
1333 3401 1525 3494 pontificatu
1546 3418 1706 3498 muriano,
1734 3443 1779 3486 ne

233 3517 380 3584 amolita.
1034 3511 1162 3574 auctior
1181 3514 1275 3576 anius
1300 3511 1405 3578 henos
1426 3514 1560 3578 alterius
1583 3521 1781 3588 accenderer

300 3621 381 3682 Cura
402 3611 521 3678 indes
551 3609 715 3696 principio
744 3631 827 3673 anas
856 3610 976 3674 eadent
1036 3611 1201 3676 invidiam.
1243 3617 1325 3676 Cau
1349 3613 1779 3707 indeaDiooletianopla-

235 3737 386 3808 tempore
411 3727 534 3778 tantuna
558 3725 645 3774 osset
658 3712 795 3793 Augusti
816 3711 910 3776 titulo
932 3713 979 3774 in·
1036 3735 1090 3777 res
1110 3713 1230 3776 eodcas
1251 3725 1401 3794 tempore
1432 3731 1543 3779 essent
1562 3721 1717 3802 Augusti,
1745 3739 1781 3787 et

147 3833 151 3841 “
235 3823 356 3908 gignis,
386 3817 468 3884 vidit
496 3815 610 3878 exiens
638 3813 778 3880 alternat
804 3815 980 3897 imperato·
1037 3815 1215 3888 Caesares,
1248 3812 1340 3876 nullo
1362 3815 1425 3896 ipsi
1446 3817 1535 3880 intes·
1556 3839 1592 3880 se
1614 3824 1779 3906 sanguinis

233 3947 306 3990 ruas
326 3918 490 3987 sacculum
509 3917 591 3979 daos
614 3917 647 3979 in
670 3915 734 3979 ltoc
758 3915 888 4000 fastigio
911 3917 1006 3992 col·¹
1034 3937 1122 3979 assu
1152 3914 1335 3995 conjuncti,
1363 3915 1406 3980 ad
1435 3915 1517 3980 ltseo
1545 3919 1611 3982 suis
1641 3923 1778 4010 quisque

232 4029 377 4098 locatos,
413 4023 460 4084 u.
490 4019 681 4094 Aurellast,
712 4031 746 4080 et
776 4019 813 4079 L.
837 4021 974 4096 Verum,
1034 4016 1213 4102 provinciis
1230 4017 1276 4082 sic
1298 4017 1495 4102 imponeret,
1516 4033 1552 4084 ut
1568 4021 1652 4086 alter
1674 4025 1714 4088 sb
1732 4027 1778 4090 el·

233 4149 270 4194 sc
293 4125 403 4212 psallo
432 4137 507 4209 post
531 4123 577 4186 ill.
601 4105 775 4184 Aureliani
804 4140 878 4184 cunt
905 4121 974 4184 lilio
1031 4135 1104 4186 tero
1122 4141 1188 4186 noa
1211 4120 1392 4205 panderet,
1413 4139 1488 4184 auat
1512 4143 1578 4187 non
1602 4125 1778 4195 differrent

234 4219 444 4296 Commodos
467 4221 567 4317 Quod
590 4223 776 4308 exemplam
804 4243 869 4286 non
893 4223 975 4285 mul·
1031 4234 1212 4306 potestate,
1241 4220 1440 4287 differebant
1468 4235 1577 4291 tanen
1605 4229 1774 4314 dignitate,

234 4343 364 4414 to.post
389 4341 519 4390 secutas
542 4327 685 4388 Severus
714 4323 818 4386 liliam
840 4327 975 4389 Antoni-
1031 4315 1125 4410 quau
1144 4325 1282 4388 contulit
1295 4325 1426 4410 longius
1441 4347 1499 4390 sea
1512 4329 1628 4410 primi,
1642 4353 1709 4406 m
1725 4353 1777 4395 ιο.

232 4454 328 4507 natu,
357 4428 457 4511 vulgo
480 4426 697 4504 Consualium,
735 4428 798 4490 sibi
827 4429 971 4504 sociarit,
1030 4427 1131 4492 candi
1159 4425 1281 4510 &eligii
1304 4442 1443 4514 tempas.
1484 4431 1688 4496 Honoratior
1714 4431 1774 4516 igi-

230 4547 267 4598 et
289 4531 348 4597 sals
378 4529 463 4595 vitae
485 4529 608 4590 eritasn
633 4528 732 4592 etisnt
762 4529 902 4592 liliorum
927 4532 971 4593 al·
1030 4543 1085 4594 tar
1101 4530 1159 4593 ille
1177 4531 1361 4613 Augustas,
1384 4529 1545 4614 quiprior
1568 4531 1632 4594 lsoo
1651 4551 1772 4596 nomen

230 4651 340 4700 terunt
359 4629 500 4706 Getasa,
534 4627 581 4692 sic
608 4642 644 4692 ut
672 4648 759 4694 aoso
789 4647 970 4698 monstres
1031 4631 1220 4716 occupavit,
1242 4645 1277 4696 et
1301 4632 1348 4697 sic
1362 4631 1554 4698 honoratior
1575 4633 1673 4706 etiarn
1694 4637 1773 4701 Cae·
