4462 5552
435 517 553 586 „230
997 485 1508 568 PSEVDOMONETA.

483 680 610 746 riorum
639 645 723 742 illud
750 683 842 737 notas
866 668 1008 733 referre.
1050 670 1107 733 sin
1133 670 1228 747 istud,
1348 669 1405 735 tv
1425 667 1647 739 Volunteniis
1667 668 1752 733 idem
1774 683 1841 748 est,
1864 667 1950 759 quod
1972 695 2032 738 nu·

486 783 609 847 saltam
633 771 786 839 ido'neam
814 793 942 835 causam
966 772 1054 848 dari,
1084 793 1229 836 curma·
1286 771 1347 835 mis
1372 771 1504 834 maximi
1531 769 1670 846 moduli,
1694 751 2033 860 seddebctuntpon·

485 884 586 947 luerit
605 877 802 944 monetarias
821 893 1063 958 monogramma
1081 872 1167 936 sstusl
1184 873 1229 935 sl
1286 869 1384 949 dere,
1406 893 1480 936 nam
1498 893 1583 936 aeras
1600 887 1673 934 suut
1690 894 1794 933 turnus
1813 877 1923 940 crassi.
1947 877 2032 940 Sunt

484 1001 559 1049 tero
578 982 711 1056 labore
734 991 767 1041 et
783 999 815 1038 ιιι
832 975 967 1058 singolis
984 973 1114 1059 quidem
1135 993 1229 1055 repe·
1284 986 1395 1036 tamen
1410 973 1574 1051 nonnulli
1598 974 1659 1036 etsi
1679 973 1850 1039 admodum
1868 999 1950 1054 ιιιι
1975 999 2032 1043 rc·

419 1131 423 1138 -
483 1089 561 1161 tito,
589 1085 767 1144 introrsum
789 1079 954 1160 scalpere,
984 1097 1078 1160 quant
1102 1095 1228 1152 curare,
1285 1075 1417 1138 luminis
1439 1073 1604 1152 arctioris,
1628 1063 2031 1143 etaerisnonnibilcrss·

484 1185 572 1272 qood
595 1183 707 1246 aliss'
699 1203 730 1242 tn
753 1177 909 1243 similibus
934 1179 1020 1240 notis
1042 1191 1229 1239 constanter
1286 1175 1397 1254 sioris,
1421 1177 1532 1260 quales
1551 1189 1624 1237 sunt
1642 1199 1684 1252 tt
1707 1197 1787 1260 quos
1804 1178 1918 1243 ltsltco
1935 1199 2030 1244 roca·

483 1289 604 1350 lactum
631 1286 796 1356 norimus,
828 1263 864 1342 ιιι
888 1279 951 1362 jam
977 1281 1139 1364 principio
1163 1265 1228 1342 nta-

471 1389 561 1452 'trici
575 1387 769 1468 insculptum
786 1383 982 1446 succedente
1000 1379 1137 1445 subinde
1151 1379 1229 1442 mal·

483 1489 540 1552 leo
563 1509 645 1570 opus
668 1486 797 1549 eltstans
819 1481 976 1544 efficeret.
1020 1483 1230 1562 Monogram·

484 1613 535 1652 ma
562 1609 641 1652 vero
667 1583 754 1648 istud
778 1583 931 1646 conlecto
956 1583 1019 1662 jam
1043 1603 1161 1658 numo,
1183 1595 1228 1645 st·

486 1710 548 1774 que
572 1687 674 1762 adeo,
697 1671 785 1769 quod
811 1684 892 1758 dixi,
915 1685 1019 1748 altero
1042 1684 1155 1747 labore
1179 1683 1228 1744 lu·

465 1793 549 1854 'isse
577 1788 761 1856 inductum,
785 1805 826 1846 eo
851 1801 955 1868 putet,
980 1787 1064 1869 quod
1089 1786 1122 1846 in
1149 1806 1229 1846 non·

481 1892 581 1954 nullis
600 1891 705 1973 ipsum
727 1887 848 1954 collum
871 1888 968 1970 positi
991 1887 1079 1969 juxta
1102 1879 1237 1966 capitis,

484 2013 522 2056 ac
548 2006 662 2074 pectus
689 1987 853 2073 pervadit,
876 2004 967 2054 certo
990 1988 1111 2050 indicio
1134 2007 1229 2050 reto·

486 2093 550 2158 cati
569 2093 608 2154 ad
631 2100 711 2173 opus
730 2091 838 2164 numi,
861 2105 896 2151 ut
917 2089 999 2153 adeo
1019 2111 1084 2152 non
1103 2090 1166 2150 sint
1187 2108 1229 2150 ex

483 2215 596 2257 earum
625 2207 773 2256 notarum
800 2205 941 2274 gcu'ere,
981 2213 1058 2275 quas
1086 2202 1228 2251 moneta·

483 2298 608 2360 riorum
624 2294 840 2378 appellamus,
863 2293 921 2354 setl
938 2311 1065 2368 earum,
1088 2311 1166 2374 quas
1180 2295 1231 2354 itt·

482 2421 594 2472 cusos,
617 2410 651 2459 et
676 2416 748 2458 cum
775 2393 876 2456 Gallis
899 2406 1152 2477 contremorqces
1174 2412 1228 2456 vo·

483 2521 610 2574 cantus,
634 2497 674 2559 dc
701 2495 816 2580 quibus
841 2495 896 2578 egi
918 2495 1084 2558 volumine
1104 2495 1128 2556 l.
1150 2509 1227 2574 pap.

484 2600 584 2666 cvtt.
630 2597 778 2676 conjecit
806 2597 1081 2678 Cannegieterus,
1111 2593 1168 2656 bas
1191 2593 1229 2654 li·

1285 1256 1363 1338 bulo
1400 1279 1649 1359 medopliosscms'
1683 1278 1897 1362 appellamus.'
1938 1283 2028 1345 Talis

1286 1391 1335 1440 est
1358 1377 1391 1436 in
1414 1399 1529 1442 museo
1552 1381 1712 1444 Caesareo
1737 1401 1854 1442 numos
1874 1383 2029 1446 Constan-

1285 1478 1344 1542 tini
1371 1479 1436 1557 tt,
1474 1480 1533 1542 sed
1562 1501 1658 1564 quom
1688 1481 1884 1566 insculptum
1917 1503 2030 1546 mono·

1286 1593 1430 1664 gramma
1448 1581 1514 1644 ΕΡ.
1539 1597 1664 1645 certum
1683 1583 1923 1646 cantaminum
1941 1581 2030 1648 lacit.

1285 1667 1458 1743 lnsoloittis
1487 1683 1660 1747 voluminis
1691 1704 1791 1746 unum
1823 1705 1896 1746 caut
1923 1677 2030 1770 capite

1284 1783 1354 1848 Pla.
1369 1783 1586 1852 Valentiniani
1601 1807 1641 1848 ex
1656 1805 1770 1847 museo
1787 1788 1921 1868 reginae
1936 1787 2030 1850 Chri·

1285 1885 1388 1947 stinaa
1420 1899 1496 1968 post
1526 1887 1608 1952 alios
1634 1885 1741 1948 edidit
1774 1889 2030 1972 Harercsmpus.

1286 1987 1396 2071 (Num.
1418 1985 1488 2070 56.)

1321 2181 1391 2255 Ὺ.
1413 2187 1582 2254 Fabrics‘tc
1613 2189 1675 2252 sibi
1705 2191 1825 2256 habent
1850 2195 2029 2278 propriam,

1285 2289 1398 2374 liguris
1428 2291 1550 2375 planis,
1592 2312 1771 2377 parumque
1803 2313 1822 2358 e
1853 2296 2030 2377 superficie

1286 2393 1562 2476 prominentibus,
1584 2394 1738 2456 nimirum
1762 2393 1865 2479 quod,
1888 2411 1924 2459 ut
1950 2395 2030 2474 dixi,

1285 2494 1409 2558 metalli
1428 2507 1502 2556 sunt
1523 2496 1692 2560 tenuioris.
1735 2501 1973 2580 Nonnunquam
1993 2499 2031 2560 li·

1286 2615 1386 2675 gorne
1421 2608 1509 2658 totae
1546 2598 1723 2659 introrsum
1762 2597 1908 2681 sculptae
1944 2613 2029 2662 sunt.

483 2715 572 2764 teras
597 2696 780 2780 significare
807 2717 904 2780 posse
934 2698 1049 2760 Palma
1072 2697 1227 2771 Emerita,
1283 2696 1481 2779 Huiusmodi
1503 2711 1576 2760 sunt
1594 2691 1804 2784 numi,quos
1821 2699 2030 2765 recitabimus

482 2803 537 2866 rel
561 2803 714 2863 Praemia
737 2799 896 2874 Emerita,
927 2799 978 2860 uel
1003 2799 1147 2860 Praemit'
1169 2798 1229 2858 Er*
1285 2797 1370 2861 infra
1399 2799 1504 2880 capite
1528 2801 1584 2862 lll.
1615 2797 1645 2886 ᾗ.
1665 2809 1687 2876 4
1709 2799 1742 2860 in
1771 2802 2030 2866 Decursionibus

480 2907 582 2986 μμ).
624 2897 788 2963 luralidac
810 2917 886 2960 sane
907 2899 1126 2980 conjecturae.
1170 2897 1229 2960 se·
1286 2898 1346 2962 sub
1377 2900 1637 2976 TOXXOTES,
1674 2901 1868 2984 costtVS,
1899 2916 1933 2967 et
1961 2905 2030 2966 SE·

481 3005 551 3068 rins
573 3002 678 3086 ipsunt
704 2999 768 3062 hoo
793 3019 1035 3084 monogramma
1058 2999 1125 3059 ΕΡ.
1150 2997 1228 3060 scri·
1285 3003 1761 3079 LEVCVS,'immisso.etiam
1787 3004 1821 3065 in
1845 3025 1958 3068 esrum
1981 3027 2031 3068 ur·

481 3121 573 3194 ptum
596 3102 710 3188 reperi
728 3101 816 3183 juxta
841 3120 1085 3182 monogramma
1105 3099 1229 3163 Christi
1286 3117 1400 3190 genta,
1424 3124 1465 3166 eo
1481 3102 1596 3179 modo,
1619 3117 1654 3166 ut
1671 3125 1746 3166 mox
1763 3102 1794 3190 §.
1810 3109 1850 3169 ll.
1870 3106 2027 3170 dixeram.

483 3221 516 3270 et
530 3207 658 3289 palmae
673 3223 796 3266 ramum
813 3203 846 3264 in
861 3201 976 3265 lamina
992 3221 1109 3276 aenea
1132 3219 1228 3284 quem
1284 3210 1347 3270 Ars
1377 3205 1410 3266 in
1439 3204 1508 3282 bis,
1539 3205 1567 3267 si
1600 3197 1737 3288 optima,
1769 3206 2027 3274 mediocritatem

483 3305 909 3388 ediditPignoriusinsuo
931 3301 1227 3383 desertiso'pcre
1285 3327 1351 3372 non
1380 3319 1522 3393 superat.
1565 3306 1671 3389 Saepe
1693 3326 1775 3390 opus
1799 3309 1899 3386 rude,
1924 3318 1961 3374 et
1983 3312 2030 3372 in·

484 3412 595 3504 Quare
621 3428 693 3471 carn
718 3406 780 3470 ltae
801 3407 918 3470 literae
941 3407 1009 3472 ΕΡ.
1034 3405 1086 3470 rel
1107 3405 1203 3466 PE:
1194 3424 1238 3464 ιιι
1287 3407 1416 3474 doctam
1434 3431 1562 3474 manum
1581 3409 1787 3493 prolitentur.
1831 3411 1936 3495 Hujus
1957 3433 2030 3478 cau·

482 3513 547 3576 boc
570 3523 780 3574 monumento
805 3503 979 3592 jungantur
1006 3527 1080 3572 cunt
1102 3507 1228 3591 palmae
1286 3530 1321 3575 ss
1356 3511 1506 3576 ruditatis
1543 3509 1673 3575 ridetur
1700 3512 1928 3590 Baudelotius,
1967 3507 2030 3580 etsi

481 3633 598 3689 ramo,
611 3613 642 3673 in
661 3610 769 3674 multis
792 3630 872 3674 vero
892 3608 1228 3673 contoruiatisinbu·
1282 3631 1475 3698 perperam,
1497 3613 1591 3676 binos
1616 3613 1811 3696 Metropolis
1834 3615 1945 3710 loniae
1973 3639 2030 3679 nu·

481 3715 533 3797 jus
560 3712 641 3777 rami
672 3713 761 3776 rices
791 3711 984 3790 succedant,
1025 3711 1142 3796 conjici
1170 3731 1227 3795 po·
1283 3733 1354 3776 mos
1373 3714 1546 3780 Graecos
1537 3735 1569 3777 tn
1589 3715 1866 3780 οοιιοιιιίιιοιιιιιι
1888 3737 2026 3782 numero

481 3829 562 3892 test,
586 3836 640 3879 eas
664 3813 784 3898 aliquid
808 3813 847 3878 sd
871 3815 1041 3880 victoriam
1059 3813 1226 3896 pertinens
1283 3815 1431 3898 posuisse
1447 3814 1492 3897 b).

483 3899 676 3999 significare.

495 4029 498 4036 ·
1345 4019 1399 4083 vt.
1424 4019 1534 4100 Typos
1570 4016 1686 4094 etism,
1727 4033 1761 4084 et
1794 4020 2025 4108 inscriptiones

547 4120 602 4182 lll.
625 4117 750 4182 Omnes
773 4130 846 4181 sunt
870 4117 1028 4192 ex’ccre,
1051 4136 1157 4204 eoque
1172 4138 1225 4182 rs·
1282 4115 1345 4180 sibi
1370 4119 1522 4202 proprios
1544 4115 1731 4200 vendicant,
1761 4123 1820 4186 sed
1844 4121 1886 4188 de
1910 4127 2027 4210 quibus

451 4219 544 4288 ,rio.
588 4217 692 4282 Aurei
720 4217 936 4302 argenteique
968 4215 1064 4297 hujus
1093 4219 1225 4301 generis
1282 4219 1337 4283 hic
1363 4240 1428 4283 non
1451 4241 1529 4304 ago,
1553 4223 1642 4305 quod
1666 4243 1780 4290 eorum
1807 4228 1891 4292 ratio
1912 4223 1954 4293 ex
1977 4249 2027 4292 se·

481 4317 595 4404 ignoti.
1283 4320 1455 4405 quentibus
1477 4323 1608 4404 patebit.

1294 4731 1328 4806 b)
1349 4733 1382 4792 Β.
1401 4731 1433 4788 L.
1452 4731 1603 4792 Tora.·lll.
1625 4753 1692 4812 pag.
1709 4745 1770 4800 tet.

520 4737 550 4802 a)
571 4729 694 4791 bliscell.
715 4731 831 4792 observ.
851 4731 921 4789 anui
943 4733 1023 4797 1736,
1044 4749 1111 4810 pag.
1131 4739 1192 4797 tet.
