4440 5550
665 403 1155 494 'CONSTANTINVS
1197 418 1246 494 Μ.
1702 439 1750 518 89

189 626 227 674 οι
250 605 291 689 ⁸).
341 599 442 686 Atqui
465 599 553 662 idem
582 593 634 660 vir
661 608 789 658 sanctus
827 593 937 677 paullo
994 599 1027 660 in
1051 589 1163 666 mu'sso
1189 605 1367 677 Caesareo,
1408 613 1463 664 ant
1485 598 1618 666 inlisum
1640 625 1738 672 areae

193 728 291 792 snpra
319 707 417 772 etiam
449 724 491 766 en
522 703 616 762 bruta
644 699 799 792 distingui
821 698 860 760 sb
883 699 940 760 ho-
996 704 1086 764 nnmi
1107 706 1197 766 aurei
1221 726 1295 768 cnm
1320 703 1500 786 epigraphe
1518 705 1740 772 VICTORIA,

190 809 332 874 niuibus
361 805 501 879 adserit,
534 802 622 886 quod
654 803 689 864 hi
716 803 749 862 in
777 800 867 863 voltu
888 821 943 861 ns·
999 803 1304 868 consultatum.
1327 806 1448 883 ΠΕ,
1481 828 1577 889 quem
1605 810 1758 896 protulit!

194 933 266 976 sam
287 933 305 974 a
323 907 433 972 fronte
455 907 695 989 prominentem
723 900 863 976 habent,
886 899 941 982 qni
999 906 1183 970 Bandurius
1203 921 1253 969 ·et
1283 929 1343 970 nos
1371 909 1455 970 inira
1485 909 1559 972 loco
1589 931 1658 974 suo.
1700 915 1745 980 Vt

192 1009 397 1078 manifestam
415 1007 558 1072 ostendit
583 1009 688 1070 crucis
712 1003 867 1078 lor-mam,
890 1000 942 1063 cni
1000 1006 1083 1068 adeo·
1106 1028 1147 1068 εχ
1176 1012 1281 1070 „umis
1307 1011 1456 1091 pann„
1486 1011 1555 1093 ej„
1576 1015 1608 1073 ᾗ,
1633 1029 1745 1078 wem

193 1127 374 1201 propterea
414 1111 554 1192 applicat
589 1105 670 1168 illud
715 1107 873 1167 les-emisa
907 1103 941 1162 in
1000 1107 1238 1185 sacrandinm,
1260 1111 1476 1176 etsdversum
1495 1113 1746 1180 Christianaad·

196 1213 358 1284 Threnist
389 1217 532 1291 Spiritus
561 1222 636 1274 ante
654 1211 776 1288 faciem
802 1217 943 1268 ranetam
1001 1213 1106 1274 lentus
1126 1209 1256 1294 probari
1269 1233 1333 1273 uon
1349 1213 1460 1294 possit.
1503 1215 1643 1280 Numum
1662 1217 1748 1279 Con·

197 1321 339 1388 Christus
361 1315 517 1378 doms'naa.
561 1309 700 1372 Narrant
725 1309 876 1371 Socrates
898 1303 942 1386 b)‚
1001 1313 1132 1378 ‚tantini
1148 1331 1222 1373 eum
1241 1313 1454 1395 inscriptione
1480 1315 1512 1376 in
1532 1338 1665 1384 aversa:
1688 1319 1745 1382 ΙΝ,

195 1431 229 1481 et
245 1417 449 1480 sozomenus
474 1415 524 1493 c),
557 1433 629 1474 eom
650 1409 865 1476 Alexandriae
885 1408 942 1468 im·
999 1414 1744 1503 110(],81N‚v1(3,‚quemffiupproposui³

195 1529 333 1606 perante
364 1511 553 1576 Theodosio
587 1515 631 1574 M.
664 1511 830 1595 Serapidis
862 1523 943 1572 tem·
1000 1520 1121 1602 quique
1147 1533 1392 1596 monogramma
1413 1517 1534 1580 Christi
1561 1520 1677 1598 offert,
1701 1521 1746 1586 vi·
1852 1566 1859 1579 .

194 1621 286 1706 plum
309 1617 554 1690 destrueretur,
577 1615 726 1678 inventos
749 1615 781 1674 in
805 1632 845 1675 eo
868 1631 941 1674 esse
1000 1618 1073 1682 deri
1090 1619 1256 1701 spurium,
1279 1615 1400 1678 ibidem
1420 1618 1497 1682 diui.

193 1721 321 1805 lapides
358 1717 462 1780 literis
499 1715 757 1797 hieroglyphicis
803 1727 943 1792 notatos,
996 1797 1001 1806 Ι
1063 1721 1144 1782 Cum
1169 1718 1221 1781 hin
1241 1723 1527 1801 monogrammatis
1546 1721 1667 1784 Christi
1684 1723 1748 1803 pri·

194 1843 277 1910 quae
308 1821 414 1884 erucis
443 1819 582 1880 sormam
611 1818 810 1880 reserabant.
856 1815 938 1908 Quia
996 1843 1085 1886 mum
1107 1811 1226 1903 injec'ta
1252 1821 1293 1882 sit
1318 1823 1461 1900 mentio,
1484 1822 1572 1906 qnod
1591 1822 1746 1906 deinceps

64 1929 68 1942 “
194 1924 382 2009 negaverit,
416 1919 540 1981 similes
562 1919 674 1982 literas
705 1919 806 1980 luisse
830 1917 938 1998 mysti-
995 1923 1203 2006 frequentem
1220 1923 1253 1983 in
1272 1940 1402 1988 moneta
1420 1921 1532 2006 typum
1549 1923 1662 1999 faciet,
1686 1923 1742 1988 nli-

192 2049 266 2094 oum
289 2019 526 2106 Aegyptiorum
563 2025 651 2096 Tau,
690 2019 777 2101 qood
806 2038 937 2080 crucem
994 2022 1083 2107 liqna
1108 2023 1150 2086 de
1178 2045 1218 2087 eo
1246 2028 1354 2110 paucis
1377 2025 1596 2090 memoranda.
1635 2025 1747 2108 Fingi-

196 2125 412 2198 sdsinsilsbat‚
435 2122 467 2180 in
493 2121 611 2182 laurum
633 2121 852 2182 monumentis
870 2140 939 2202 pas·
997 2135 1050 2186 tur
1082 2123 1164 2186 illud
1200 2127 1233 2186 in
1266 2129 1371 2188 numis
1401 2128 1472 2190 loc·
1499 2127 1596 2194 modo
1626 2112 1750 2222 fiant

195 2233 258 2298 sim
277 2221 432 2292 obviant
477 2225 519 2284 At
551 2221 691 2283 malebat
719 2223 828 2306 inepta
849 2219 940 2282 Chri·
997 2205 1060 2322 ἒ.
1088 2227 1333 2307 Monogramma
1351 2229 1469 2308 prioris
1486 2227 1574 2287 modi
1591 2230 1749 2308 conspici-

199 2331 378 2394 stianorum
400 2321 576 2388 credulitas
607 2343 662 2386 eas
685 2322 840 2404 religioni
864 2341 940 2384 suae
998 2339 1052 2386 tur
1067 2325 1164 2388 etiam
1181 2328 1214 2386 in
1234 2327 1479 2388 tetradsachmia
1501 2327 1636 2402 Atticis,
1664 2341 1698 2387 et
1714 2329 1750 2388 in

198 2427 385 2504 vindicare,
417 2425 523 2508 iisqne
545 2437 714 2488 venturam
738 2424 835 2488 vitam
867 2443 943 2506 por·
1004 2427 1112 2490 numis
1139 2427 1406 2516 Ptolemaeorum
1436 2428 1543 2509 gravis
1573 2427 1674 2503 aeria,
1714 2440 1751 2490 nt

205 2529 308 2596 teudi.
352 2527 492 2620 Quodsi
515 2528 600 2588 forle
621 2527 751 2589 fortuna
776 2527 871 2589 bonis
897 2525 948 2586 his
1004 2529 1159 2592 continuo
1181 2529 1342 2604 diximus,
1375 2527 1751 2610 sed'incertasignifica-
1875 2554 1880 2563 ·

199 2631 282 2695 siris
304 2629 573 2712 oblata‘suissent
607 2627 846 2690 tetradraehma
867 2628 948 2690 Atti·
979 2613 1107 2694 'tione.
1150 2633 1185 2690 ln
1210 2629 1429 2712 numislaujus
1452 2629 1524 2692 aeri
1548 2643 1749 2698 suntcertae

199 2755 254 2812 nn,
282 2744 336 2796 aut
367 2731 477 2816 gravia
506 2731 562 2793 illa
593 2731 860 2792 Ptolemaeorum
890 2751 947 2790 un·
1004 2729 1304 2815 litersea’sgxuaun'us
1324 2729 1752 2814 nominisGrseciXPrso;‚
1838 2720 1843 2729 ’

200 2839 347 2900 mismata
373 2853 490 2908 aenea,
514 2853 652 2915 quorum
675 2853 740 2906 non
759 2834 874 2916 paneis
898 2833 945 2894 ln·
1005 2833 1166 2917 hujusque
1182 2831 1481 2916 monogrammatis,
1504 2845 1538 2894 et
1552 2834 1646 2918 quale
1663 2856 1752 2900 eom·

200 2941 364 3022 sonlptum
394 2950 443 3000 est
464 2956 709 3018 monogramma
735 2923 792 2996 XP
813 2934 853 2996 ad
871 2939 946 2996 eum
1003 2947 1099 3024 paret
1126 2935 1159 2994 in
1181 2935 1308 3012 numia,
1336 2954 1486 3002 ueroeam
1513 2936 1673 3020 picturam
1696 2939 1753 3004 de·
1877 2927 1879 2932 ¹

198 3041 297 3126 plane
326 3039 478 3116 modum,
516 3058 580 3122 qno
611 3035 720 3112 numi,
757 3035 798 3098 ds
831 3035 945 3120 quibus
1004 3035 1085 3100 dare
1108 3037 1271 3100 Eusebius
1288 3035 1336 3117 d),
1364 3049 1398 3099 et
1422 3037 1607 3102 Lactantius
1631 3041 1671 3121 ο),
1715 3041 1753 3102 ln

201 3141 358 3206 continuo
374 3161 487 3222 agam,
509 3137 611 3202 notati
634 3150 725 3212 sunt,
754 3157 849 3220 qnam
866 3157 951 3200 ama⁴
1002 3139 1111 3200 numia
1129 3139 1198 3221 =jam
1227 3149 1339 3222 typum
1353 3138 1545 3220 principem
1569 3139 1665 3216 lacit,
1687 3141 1752 3224 jam

199 3242 244 3305 bo
262 3241 330 3304 illis
360 3241 573 3302 demisissent
590 3238 724 3311 dentes,
755 3251 791 3299 ut
808 3237 949 3306 divinam
1006 3240 1162 3304 inseritur
1181 3238 1292 3302 labaro
1310 3252 1364 3303 aut
1375 3239 1516 3317 vexillo,
1539 3241 1603 3322 jam
1624 3242 1658 3304 in
1676 3261 1754 3308 ares

202 3343 289 3405 hane
305 3354 414 3404 notam
432 3341 540 3422 palato
560 3359 628 3400 suo
652 3337 951 3426 adnpmmodarent‚
1006 3342 1097 3404 nami
1128 3341 1274 3406 solitarie
1304 3327 1467 3420 esculan
1500 3345 1564 3426 jam
1594 3344 1682 3422 aliis,
1717 3358 1754 3407 nt

201 3442 475 3528 dejerarentque‚
499 3439 639 3502 salutare
655 3437 719 3500 hoe
736 3438 882 3521 signnm,
905 3455 952 3502 et·
1005 3442 1148 3528 patebit,
1186 3457 1354 3525 comparet
1390 3446 1507 3510 modis.
1551 3446 1667 3510 Paullo
1708 3446 1754 3509 al·

204 3544 234 3606 si
251 3531 339 3607 alind
363 3542 489 3608 vellent
504 3537 698 3614 monetarii,
720 3537 820 3601 luisse
838 3553 951 3606 ventu·
1006 3543 1070 3605 tina
1091 3543 1249 3632 diximus,
1271 3543 1305 3603 in
1329 3547 1495 3608 nonnullis
1513 3547 1576 3628 jam
1599 3551 1755 3613 Constan-

199 3665 259 3709 rao
288 3644 434 3710 veritatis
466 3641 672 3727 praesagium
699 3638 881 3724 quoddam,
917 3654 951 3705 et
1007 3643 1066 3704 tini
1094 3646 1200 3705 numia
1227 3644 1310 3706 illud
1348 3646 1479 3708 vexillis
1507 3649 1642 3710 inlisum
1679 3669 1755 3711 con·

201 3745 494 3833 praesensionem?
522 3743 574 3810 Ad
591 3763 717 3808 eausam
739 3757 775 3806 ut
791 3757 949 3822 revertar,
1008 3745 1109 3828 spici,
1132 3743 1219 3828 qnod
1239 3744 1327 3804 idam
1353 3743 1425 3824 ejus
1443 3745 1531 3826 jussa
1559 3749 1681 3810 lantum
1699 3745 1757 3812 do-

202 3847 291 3934 quod
311 3869 413 3912 ¹nusum
442 3849 475 3910 in
497 3845 700 3912 Constantini
727 3843 833 3908 numia
859 3844 952 3910 Clari·
1008 3865 1110 3910 nnere
1134 3846 1353 3920 erroneum,
1382 3846 1514 3929 aliique.
1565 3851 1757 3914 Permotum

203 3952 299 4018 atiani
315 3951 421 4016 cultus
437 3951 593 4016 indicium
610 3949 797 4033 reperitur,
819 3959 953 4012 estmo-
1009 3948 1051 4013 ad
1079 3945 1166 4012 istud
1198 3947 1288 4033 pinna
1315 3947 1499 4033 prinoipem
1527 3949 1628 4015 iidem
1657 3953 1756 4038 ajunt,

202 4073 395 4138 nogrsmma
417 4054 539 4117 Christi
565 4052 678 4116 labaro
696 4052 739 4130 ‚in
766 4051 876 4114 aeneis
894 4053 952 4117 111.
1008 4073 1051 4118 ex
1073 4071 1138 4135 quo
1160 4049 1285 4114 bellum
1314 4050 1349 4110 in
1374 4053 1574 4118 Maxentium
1596 4055 1757 4122 meditans

201 4157 345 4235 insanae,
377 4153 543 4238 inscriptis
564 4154 744 4221 GLORld.
772 4153 951 4224 Extollet-
1007 4154 1183 4241 pendulam
1214 4153 1248 4214 in
1278 4172 1355 4216 aere
1381 4168 1457 4238 post
1483 4159 1655 4224 meridiem
1682 4181 1755 4228 ern.

205 4259 310 4337 TVS,
339 4278 478 4356 quorum
500 4259 625 4345 aliquot
654 4255 854 4340 exemplaria
876 4268 950 4320 sunt
1007 4280 1080 4326 eam
1101 4277 1176 4324 nam
1193 4269 1262 4322 toto
1282 4255 1432 4322 exercitu
1453 4263 1642 4350 conspexit,
1665 4263 1754 4350 qnod

236 4589 563 4670 ·)Apotng.1.t.ss.
637 4590 673 4663 b)
692 4589 727 4649 Η.
747 4590 780 4648 E.
801 4589 834 4648 t.
853 4587 891 4653 V.
912 4609 938 4649 a.
957 4603 1002 4656 ιι.
1066 4591 1348 4666 ι)Η.Ε.1..ῩΠ.
1369 4615 1395 4656 e.
1418 4605 1460 4658 ¹5.
1516 4593 1552 4667 d)
1572 4593 1640 4654 Vita
1654 4593 1759 4655 Cenat·

196 4687 229 4746 1..
249 4684 275 4746 1.
294 4703 320 4742 n.
339 4693 374 4746 31
394 4692 424 4738 et
441 4679 473 4734 L.
492 4679 545 4740 lv.
565 4699 590 4739 a.
610 4691 654 4746 21.
730 4683 761 4757 a)
781 4671 819 4742 de
837 4679 957 4744 noma.
976 4699 1088 4758 petaso·
1109 4699 1135 4746 e.
1152 4689 1197 4746 44.

300 4775 392 4856 (Vol.
411 4769 518 4852 7111.)
1521 4777 1557 4836 Μ
