4482 5560
459 443 534 514 331,
869 478 872 486 .
993 428 1002 441 '
1104 417 1300 493 CAPVT
1333 417 1361 490 Ι.

463 612 689 688 Xll.aampae
702 581 1206 685 hsciaapapalorfrapsseatibas
1263 598 1351 686 qnod
1379 599 1509 676 attinet,
1541 618 1680 686 sequens
1711 615 1800 665 aetas
1832 603 1942 688 plora,
1957 617 2016 668 et·

464 713 565 803 armis
592 708 733 784 subepit,
761 714 793 766 et
816 708 890 768 inde
910 709 1033 786 fasces,
1066 707 1204 778 trabeae,
1261 705 1405 767 certiora
1427 703 1533 767 docet.
1574 703 1672 784 Apud
1703 705 1881 790 Vopiscum
1913 709 2009 779 Vale·

462 812 603 880 corales,
626 809 758 883 annali,
776 809 945 886 phalerae,
963 807 1203 884 paludamenta,
1262 805 1371 869 cianus
1397 806 1481 888 Aug.
1510 803 1721 870 Aurelianum
1752 808 1838 871 intes·
1865 810 1927 874 alia
1957 812 2008 876 his

410 937 414 942 ·
457 919 647 989 praetecta,
663 911 737 968 iada
753 910 840 990 quad
851 926 948 966 aaran
963 924 1057 966 carru
1069 914 1206 985 quatuor
1261 906 1372 972 verbis
1387 903 1575 988 adloquitur
1589 903 1639 987 ι))ι
1663 913 1746 989 Cape
1759 914 1936 990 ipitartibi
1945 937 2007 996 pra

461 1012 553 1094 equis
566 1011 790 1084 triumphatur,
814 1017 907 1086 topae
919 1008 1042 1078 pictae,
1064 1007 1206 1066 tunicae·
1260 1011 1354 1071 rebar
1373 1012 1474 1088 pestis
1497 1012 1562 1070 tais
1586 1041 1633 1064 -.-
1652 1041 1697 1056 -·
1718 1044 1760 1058 -·
1786 1023 1895 1092 tapam
1912 1038 2007 1096 prae·
2081 1038 2089 1052 ·

461 1130 524 1194 pac
539 1112 722 1188 palmatae,
745 1109 853 1167 amaia
871 1109 1006 1186 denique
1022 1109 1153 1179 maara,
1174 1115 1242 1166 et
1261 1118 1399 1184 tectam,
1429 1112 1570 1172 tarsicam
1594 1115 1792 1189 palmatam,
1824 1125 1933 1195 tapam
1958 1125 2009 1210 ρι’.

461 1213 623 1298 insipaia,
647 1209 791 1290 quibas
776 1209 901 1283 smperis
898 1209 1063 1284 dipnitas
1077 1209 1203 1280 emisset,
1260 1222 1354 1284 atam,
1373 1213 1585 1273 subarmalem
1591 1217 1796 1294 profundam,
1813 1222 1927 1280 sellam
1937 1226 2010 1286 aba·

365 1293 369 1300 ⁴
460 1320 587 1384 sarapta
608 1318 692 1370 must.
735 1306 907 1385 Dionysius
916 1304 1076 1368 .Ἠιι1ίο.
1067 1325 1100 1364 ιιι
1129 1304 1204 1367 insi·
1261 1319 1376 1372 ratam.
1407 1315 1493 1373 Nam
1517 1323 1548 1372 ta
1573 1318 1735 1376 cassatam
1757 1319 1852 1378 totta
1874 1323 2007 1400 desipsso

462 1409 579 1490 gnibus
609 1407 825 1488 principatus,
860 1425 942 1490 quae
974 1417 1041 1468 tum
1072 1405 1204 1467 Priscus
1261 1415 1665 1491 scriptarusadeeaatam,
1683 1419 1934 1496 attibidaparqe
1946 1426 2008 1484 ια’.

428 1521 430 1526 “
459 1501 598 1572 Romam
619 1508 798 1580 transtulit,
821 1508 964 1568 nominat
982 1527 1133 1572 ceronam
1147 1526 1205 1568 ase·
1258 1515 1402 1589 pionem,
1419 1517 1548 1592 deputet
1561 1522 1659 1577 etiam
1669 1518 1790 1595 fasces.
1813 1518 1939 1583 Similia
1954 1541 2006 1584 re·

460 1631 558 1683 ream,
574 1620 609 1671 et
620 1611 792 1687 scipionem
804 1609 1011 1670 labentemiss
1024 1610 1206 1669 summitate
1260 1609 1326 1674 fert
1353 1613 1577 1676 Cassiodorius
1604 1617 1749 1697 graviter
1773 1619 1807 1676 in
1834 1639 1892 1681 eos
1917 1622 2006 1688 inre·

460 1711 621 1792 aquilam,
637 1713 777 1770 tarsicam
789 1729 1076 1785 parpareamaara
1092 1712 1205 1770 distin·
1262 1727 1349 1788 ctus,
1372 1733 1452 1796 quos
1470 1717 1608 1797 Augusti
1629 1715 1721 1780 nullo
1743 1717 1864 1784 idoneo
1885 1725 2006 1788 merito

459 1821 562 1885 ctam,
597 1820 630 1871 et
658 1821 766 1891 tapam
794 1829 989 1888 parpaream
1016 1813 1140 1889 pictam
1162 1811 1203 1887 ··)
1261 1815 1441 1898 insignibus
1480 1819 1704 1880 consularibus
1743 1841 1941 1887 ornaverunt
1956 1829 2004 1910 ο)ι

458 1908 577 1983 Addit,
598 1908 850 1991 pulsissegibus
869 1909 1105 1991 haccinsignia
1126 1929 1205 1974 con·
1261 1919 1787 2000 Sadamsesamits'sirtaselicies,
1806 1931 1934 2007 quando
1946 1950 2006 1992 aas

460 2009 584 2073 solibus
604 2009 704 2071 luisse
723 2010 896 2092 permissa,
925 2009 1055 2093 dempta
1072 2031 1203 2086 corona,
1260 2021 1745 2099 habemastalorescoasatam,
1763 2033 2005 2108 etuaspaadia

459 2126 494 2174 et
522 2126 599 2192 toga
626 2112 729 2196 picta,
760 2131 940 2195 quanquam
971 2125 1004 2174 et
1031 2111 1098 2188 bis,
1129 2131 1203 2173 cnm
1260 2121 1465 2199 dipaitatam.
1496 2151 1540 2166 —
1560 2152 1604 2168 -
1624 2155 1665 2169 -
1697 2128 1799 2205 Piape
1820 2139 1929 2191 nastes
1949 2133 2005 2194 lsa-

458 2213 713 2302 triumpharent,
744 2215 793 2275 usi
823 2226 906 2280 sunt
950 2213 1049 2274 Numi
1069 2213 1204 2275 familia·
1259 2222 1761 2302 merosaariecelorapelmataa,
1784 2231 2005 2293 oalidamsaa·

457 2337 532 2378 runt
555 2337 668 2400 paruus
688 2329 749 2378 nos
771 2317 951 2392 instruunt,
980 2328 1133 2414 quantum
1161 2335 1206 2376 ex
1258 2325 1821 2404 aumvictorialiscipionambs'lita,
1838 2333 2007 2410 larcrym-

457 2431 508 2480 tot
524 2417 703 2500 insignibus
723 2431 872 2498 tempora
892 2419 1015 2478 Romae
1041 2417 1146 2480 adhuc
1166 2417 1204 2477 li·
1217 2425 2005 2508 prioretiemcalceisassratisapreclare,sellam
2130 2449 2134 2455 '

456 2518 558 2582 berae
598 2520 777 2582 consulatui
811 2519 912 2581 suerit
950 2515 1121 2590 indultum.
1165 2519 1202 2578 ln
1258 2527 1398 2586 caratam
1412 2544 1550 2601 praessa
1568 2530 2004 2613 mapastadiaamalts'spra·

456 2621 565 2682 numia
594 2621 700 2703 gentis
722 2621 830 2683 Iuniae
860 2621 992 2702 lingitur
1021 2631 1115 2683 vatus
1142 2617 1202 2682 illo
1258 2627 1473 2686 altmonam
1488 2631 1640 2700 ascende,
1658 2633 1746 2690 sstsss
1762 2632 1828 2691 etse
1843 2633 2004 2708 mbjecltu

455 2723 498 2786 L.
522 2723 661 2795 Brutus,
692 2723 820 2804 etipse
846 2735 919 2805 post
944 2731 1076 2781 exactos
1103 2739 1201 2802 reges
1258 2729 1430 2797 mercaris,
1452 2729 1540 2806 qaod
1553 2731 2003 2804 nospermacimoslabores

455 2825 581 2906 primus
605 2824 719 2887 consul
741 2824 827 2884 inter
845 2823 925 2883 duos
949 2821 1082 2882 lictores
1099 2822 1203 2884 ‘lasci
1258 2827 1450 2888 assumimus
1464 2829 1663 2904 imperantes.
1691 2825 1734 2887 Et
1750 2845 1829 2892 vera
1845 2828 1878 2890 in
1894 2833 2002 2896 numia

453 2923 537 3000 bus,
560 2937 593 2986 et
615 2925 723 2987 secari
745 2922 898 2986 horridos
920 2921 1124 3006 procederet
1148 2917 1234 3010 res-
1258 2925 1480 3007 Augustorum
1502 2923 1578 2987 inde
1606 2947 1624 2988 a
1653 2925 1838 2990 declinante
1860 2929 2002 3017 imperio
2119 2927 2125 2933 ⁸

454 3047 527 3088 rum
546 3026 674 3088 consuli
690 3029 760 3089 ΧΠ.
778 3023 885 3086 fasces
907 3023 1111 3106 praegestsri
1127 3044 1203 3087 con·
1258 3045 1357 3108 saepe
1381 3024 1525 3088 occurrit
1546 3040 1696 3109 protome
1718 3029 1925 3114 imperatoris
1949 3055 2004 3099 ve-

456 3121 619 3204 suevisse,
650 3127 713 3210 jam
738 3125 893 3190 aliorsum
921 3125 997 3188 sstis
1026 3125 1201 3189 constabat.
1258 3139 1309 3188 sta
1339 3127 1476 3208 palmata
1508 3127 1724 3206 circumdata,
1746 3146 1789 3194 'et
1821 3135 2002 3218 scipionem

455 3227 492 3290 In
517 3228 659 3291 denariis
685 3231 783 3294 Corn.
807 3224 939 3301 Sullae,
961 3225 1016 3311 qui
1041 3247 1102 3310 psr
1125 3247 1202 3290 con·
1257 3227 1399 3310 praelixa
1420 3227 1525 3312 aquila
1547 3250 1642 3292 manu
1663 3247 1811 3314 gestans,
1843 3257 2004 3320 quocon-
2069 3243 2082 3258 ⁴

455 3332 562 3395 sulum
582 3330 722 3406 Sullam,
751 3327 993 3408 etPompejum
1011 3327 1132 3391 Rufum
1152 3330 1197 3392 oi·
1257 3327 1361 3391 sulem
1392 3332 1575 3414 Augustum
1605 3332 1783 3418 intelligas.
1826 3341 1869 3401 At
1898 3353 2001 3404 totum

455 3430 583 3508 icrunt,
605 3445 641 3494 ut
651 3445 696 3522 ,ct
715 3429 748 3490 in
770 3428 905 3492 denario
924 3427 1200 3497 Valeriildcssal·
1257 3430 1427 3492 consulum
1468 3432 1611 3495 habitum
1651 3439 1775 3522 optime
1813 3441 1924 3527 capies
1962 3461 2003 3505 ex

454 3534 526 3611 lac,
558 3517 717 3616 inscripto
743 3532 902 3597 Patrio.
924 3527 1037 3608 COS,
1061 3529 1200 3595 consuli·
1257 3529 1417 3613 diptychis
1445 3533 1615 3612 eburneis,
1647 3557 1786 3620 quorum
1817 3563 1916 3606 unum
1947 3544 2003 3610 do·

454 3635 517 3698 bus
534 3635 616 3698 sella
634 3634 757 3696 curulis
772 3632 946 3710 tribuitur,
969 3633 1027 3696 sed
1047 3633 1128 3696 banc
1144 3633 1201 3696 alii
1255 3631 1304 3693 dit
1319 3633 1534 3718 Ducangius
1526 3655 1559 3698 ιιι
1579 3637 1808 3706 dissertatione
1833 3643 1874 3706 ds
1897 3649 2003 3711 numi.

454 3735 553 3802 etiam
588 3737 794 3820 magistratus
823 3733 993 3797 consulatu
1025 3733 1201 3800 inferiores
1256 3735 1424 3800 inferioris
1453 3738 1525 3802 sevi
1551 3741 1660 3804 tabula
1683 3742 1723 3816 1.,
1762 3755 1798 3804 ct
1827 3745 2002 3829 explicarit

454 3859 661 3904 communem
700 3835 855 3902 habuere.
897 3838 935 3899 ln
972 3835 1107 3898 denario
1136 3841 1201 3899 Aa·
1257 3837 1286 3916 §.
1306 3839 1379 3913 Ν,
1403 3837 1458 3900 ubi
1478 3840 1700 3905 rariaidonca
1726 3843 1767 3904 dc
1790 3841 2001 3908 habitu··con.

456 3946 559 4028 gusti,
592 3935 696 4027 qnem'
717 3939 866 4004 dedimus
895 3939 927 4000 in
951 3937 1045 4017 hujus
1067 3950 1199 4001 moneta
1257 3935 1358 3998 sulsri
1373 3938 1461 4002 illius
1476 3941 1588 4005 aetatis
1603 3940 1712 4004 docet.
1741 3945 1819 4004 itam
1846 3963 1887 4006 ex
1907 3965 2001 4028 prse-
2102 3963 2109 3978 ·

458 4045 497 4108 ad
520 4065 637 4108 annum
660 4043 702 4108 vO
728 4043 763 4106 e·
786 4041 865 4122 752,
890 4053 1119 4124 proponunt„
1138 4039 1200 4121 κῇ.
1256 4038 1427 4102 clamatio
1445 4041 1618 4124 diptycho,
1641 4041 1729 4124 quod
1756 4043 1833 4106 olias
1857 4043 1920 4110 luit
1935 4052 2001 4114 No·

425 4153 430 4164 .
454 4149 511 4230 1¹¹⁰
539 4165 612 4208 cum
635 4143 759 4226 „quir”
789 4155 866 4224 tog.
888 4141 991 4226 picta,
1022 4155 1057 4206 ct
1077 4141 1199 4220 laurea,
1256 4137 1442 4222 rimbergae
1462 4143 1496 4204 iu
1517 4143 1653 4206 aedibus
1674 4144 1936 4226 Negelainianis,
1959 4151 2000 4215 ab

455 4247 515 4312 sed
535 4265 619 4328 quse
639 4243 745 4306 omnia
767 4241 975 4308 verisimilius
991 4243 1037 4310 ibi
1055 4243 1122 4306 dixi
1137 4263 1199 4328 pro
1256 4242 1442 4307 auctoribus
1483 4243 1580 4307 variis
1621 4246 1751 4310 erudito
1782 4249 2000 4333 explicatum,

455 4347 655 4417 ornamentis
691 4343 957 4430 triumphalibus,
991 4365 1087 4430 qaam
1123 4365 1200 4410 con·
1255 4357 1288 4409 at
1317 4342 1417 4408 hodia
1447 4345 1534 4410 inter
1559 4348 1834 4431 praestantissima
1863 4353 2006 4438 cimelia,

456 4454 577 4520 ,ulatur
613 4447 793 4535 insignibus
828 4446 991 4512 habands.
1032 4447 1084 4511 Aa
1115 4445 1199 4512 haec
1256 4465 1339 4533 quse
1361 4447 1520 4533 insignem
1544 4451 1811 4520 thesaurum-ill.
1833 4455 2001 4521 comitisa

492 4669 523 4738 a)
545 4667 613 4722 Ant.
634 4664 666 4721 L.
681 4643 735 4722 itt.
756 4683 785 4737 p.
807 4683 843 4722 sn.
867 4671 926 4736 195.
1027 4663 1062 4738 b)
1083 4663 1114 4722 iu
1133 4659 1307 4726 Aureliano.
1409 4669 1439 4741 c)
1458 4661 1576 4730 Varias.
1596 4665 1629 4728 L.
1648 4664 1700 4728 Vl,
