4404 5564
483 531 506 597 3
688 547 691 554 ·
1076 457 1465 573 aurnuns

490 679 620 746 rulamii
648 697 781 740 numum
810 670 953 756 reperit,
985 689 1080 751 quern
1108 669 1230 753 patriae

399 829 403 840 .
490 803 569 847 suae
592 781 770 852 tribueret,
796 789 891 858 atque
918 774 1004 835 hunc
1027 791 1156 857 quoque
1172 790 1231 832 me

491 885 599 968 judice
617 881 765 955 dubium,
785 897 891 960 neque
906 889 1015 938 tamen
1034 895 1053 935 a
1070 893 1123 936 me
1141 871 1235 935 omis·

492 1007 573 1049 sum.
604 984 730 1049 Verum
750 979 791 1041 ad
811 997 952 1062 nuper-as
965 975 1077 1065 xgentis
1094 996 1170 1038 snae
1187 974 1236 1036 lu·

493 1085 699 1150 cubrationcs
726 1094 882 1165 provocat
905 1099 1081 1160 anonymus
1105 1089 1237 1153 noster,

492 1201 527 1250 et
542 1187 778 1248 Pinltertonum
793 1182 873 1244 mihi
889 1180 1112 1256 commendat,
1130 1180 1163 1239 in
1182 1200 1236 1241 cu·

491 1290 542 1370 jus
563 1287 609 1364 ait
634 1305 735 1368 opere
761 1287 918 1347 notitiam
937 1281 1124 1344 absolutam
1144 1303 1238 1364 prae·

493 1392 598 1451 sentis
611 1389 814 1450 conditionis
827 1390 878 1446 rei
888 1384 1106 1446 Britannicae
1118 1386 1240 1445 numia·

493 1492 638 1552 mutinae
664 1489 810 1576 reperiri.
846 1483 921 1577 Quo
949 1497 1099 1564 tempore
1129 1503 1238 1546 meum

495 1587 536 1652 de
558 1589 619 1650 hac
638 1605 812 1649 numerum
841 1587 945 1648 classe
970 1584 1238 1668 judiciumrtypis

493 1689 640 1754 mandari
674 1687 798 1770 caepit,
838 1686 1025 1748 indicatum'
1046 1687 1239 1748 Pinltertoni

497 1807 578 1877 opus
596 1789 679 1852 mihi
694 1791 790 1872 plane
810 1789 955 1874 ignotum
976 1786 1081 1850 adhuc
1098 1787 1168 1850 fuit.
1197 1788 1238 1848 Il·

494 1895 552 1957 lad
579 1913 654 1956 cum
678 1889 807 1953 nonnisi
835 1909 918 1950 anno
947 1889 1095 1970 propime
1126 1890 1238 1970 elapso

472 1999 475 2014 '
496 1997 611 2078 (1795)
628 1991 669 2056 ad
684 1975 738 2054 ¹me
753 1989 914 2074 perlatum
931 2002 1036 2067 esset,
1047 1990 1128 2050 nihil
1143 1989 1240 2052 habui

497 2095 674 2178 antiquius,
706 2113 801 2177 quarn
823 2103 859 2152 ut
883 2111 1043 2171 anonymo
1059 2112 1144 2154 ‘meo
1171 2113 1241 2155 mo·

496 2219 567 2261 rem
584 2214 748 2281 gererem.
764 2195 807 2254 Et
817 2191 886 2274 legi
896 2193 1013 2275 cupide
1025 2193 1141 2271 omnm,
1156 2215 1241 2278 quae

496 2302 524 2363 is
546 2301 597 2362 vir
621 2295 767 2366 eruditus
793 2294 827 2355 in
852 2293 912 2356 hac
934 2313 1027 2356 eausa
1053 2295 1239 2377 scripserat,

498 2422 635 2486 quorum
655 2418 778 2460 summa
796 2397 877 2460 haec
894 2409 943 2458 est
959 2397 1048 2476 (Vol.
1058 2399 1084 2462 1.
1100 2399 1239 2480 p.nq5):

496 2505 560 2586 jam
583 2501 657 2564 iulii
679 2496 826 2562 Caesaris
851 2511 954 2560 aetate
976 2498 1041 2560 hoc
1064 2499 1240 2582 ipsostteste

496 2606 672 2666 Britannos
696 2599 803 2660 uumis
829 2599 939 2660 aeneis
963 2619 1054 2675 usos,
1081 2615 1178 2683 atque
1206 2598 1241 2660 id

498 2724 601 2788 genus
627 2719 746 2762 numos
773 2698 848 2760 rudi
877 2719 999 2782 opere,
1039 2713 1072 2761 et
1101 2698 1241 2788 admixta

499 2823 614 2886 magna
632 2798 736 2862 stanni
756 2799 906 2881 portione
928 2820 1025 2883 saepe
1047 2802 1190 2884 reperiri
1207 2803 1241 2866 in

500 2903 627 2987 Angiia.
662 2900 778 2963 Fuisse
805 2899 839 2960 in
863 2901 1030 2962 Britannia
1060 2902 1240 2986 imperante

499 3007 648 3088 Augusto
668 3001 906 3064 Cuuohelinum
929 3001 1163 3065 Trinobautum
1191 3025 1244 3067 re·

501 3129 593 3192 gem,
616 3106 707 3189 cujus
723 3103 810 3165 sorte
831 3117 925 3166 eruut
944 3104 1034 3166 numi
1052 3106 1242 3188 frequentes

500 3207 696 3272 Cuuobeliui
716 3206 847 3267 nomine
869 3205 1032 3288 inscripti,
1060 3227 1133 3269 esse
1158 3206 1243 3268 enim

500 3311 691 3386 nonnullos,
724 3308 780 3390 qui
801 3299 963 3370 ¹Gallicam
993 3328 1051 3370 ecs
1082 3323 1244 3371 monetam

502 3427 625 3498 putant.
648 3413 756 3472 Unum
775 3410 955 3473 alterumve
977 3407 1100 3472 offerre
1122 3411 1248 3496 epigra-

502 3516 591 3600 phen
610 3513 731 3589 VER.,
751 3531 791 3574 ex
807 3511 989 3594 aliquorum
1004 3513 1127 3595 judicio
1143 3515 1248 3581 Veru-

420 3623 424 3630 '
502 3617 594 3680 lamii
612 3613 734 3699 oppidi.
756 3612 848 3676 Idem
865 3613 917 3678 vir
936 3613 1082 3677 eraditus
1100 3636 1142 3678 eo
1162 3617 1247 3694 loco,

506 3740 571 3804 quc
587 3738 703 3801 regum
717 3713 903 3778 Britanniae
920 3735 961 3776 ex
976 3715 1082 3778 nuntie
1102 3717 1248 3800 cognito·

504 3843 579 3883 rum
597 3821 777 3901 catalogum
798 3815 927 3878 instruit
947 3818 1037 3897 (Vol.
1054 3820 1093 3881 11.
1110 3839 1143 3901 p.
1154 3821 1250 3900 254),

506 3935 659 3986 recenset
673 3919 931 3990 Cnuobelinum,
946 3919 999 3982 cui
1014 3918 1102 3982 addit
1115 3919 1245 4004 quidem

507 4023 760 4098 Cassiheianum,
777 4013 1022 4098 etBoadiceam,
1039 4021 1177 4086 sodttde
1192 4023 1249 4084 du·

506 4126 570 4190 bia.
601 4127 637 4185 ln
663 4125 812 4205 catalogo
833 4143 1006 4185 nemorum
1026 4123 1160 4198 ¹urbium
1182 4111 1249 4187 non

508 4240 684 4304 memorat,
701 4226 764 4289 nisi
781 4227 1047 4304 Camulodunum,
1063 4241 1096 4292 et
1111 4228 1248 4294 Verula-

509 4332 619 4395 mium.
641 4330 792 4414 Denique
811 4328 854 4392 ait
873 4329 950 4392 alibi
967 4329 1060 4411 (Vol.
1072 4333 1095 4395 1.
1112 4351 1144 4413 p.
1158 4331 1249 4410 eqd),

509 4455 624 4498 numos
641 4433 815 4518 inscriptos
832 4431 1015 4498 VODISIO
1032 4467 1076 4481 —
1090 4433 1252 4494 ClSlrlM·

509 4535 595 4599 BOS
613 4550 695 4612 etc,
710 4557 792 4620 quos
803 4533 953 4618 plerique
969 4535 1023 4598 alii
1038 4535 1180 4598 Gallicos
1194 4555 1253 4618 pn·

510 4651 596 4713 tant,
625 4661 642 4700 a
666 4635 831 4700 nonnullis
856 4636 1042 4700 Britanniae
1066 4637 1251 4722 antiquariis

510 4738 633 4821 patriae
648 4759 724 4802 snae
738 4757 855 4800 numos
874 4739 992 4821 putari,
1012 4761 1124 4804 verum
1141 4761 1253 4802 unum·

1290 687 1451 753 quomque
1460 664 1604 754 judicem
1612 665 1838 749 incorruptum
1851 666 1982 731 facile
1995 685 2075 730 con·

1289 771 1473 846 sessurum,
1490 767 1688 832 Britanniam
1706 767 1760 832 vix
1778 783 1925 832 sextam
1945 768 2076 830 similis

1292 886 1442 936 monetae
1474 882 1600 954 partem
1631 868 1797 934 vindicare
1827 871 1907 933 sihi
1949 890 2076 954 posse.

1291 977 1417 1036 Deesse
1435 973 1469 1033 in
1489 971 1575 1034 huuc
1591 971 1678 1032 diem
1693 992 1789 1054 opus,
1812 973 1919 1058 quod
1943 971 2080 1034 utrius·

1293 1096 1356 1160 que
1374 1089 1524 1138 monetae
1541 1095 1657 1139 verum
1673 1073 1849 1136 discrimen
1869 1075 2056 1138 doceret.

1355 1176 1465 1240 Habes
1480 1177 1551 1254 hic,
1564 1177 1692 1252 lector,
1703 1189 1806 1238 totum
1820 1176 1874 1253 id,
1900 1177 2014 1262 quod
2033 1175 2077 1236 de

1293 1279 1417 1364 patriae
1441 1300 1517 1342 suae
1538 1289 1668 1342 moneta
1689 1277 1844 1359 judicarit
1866 1279 2080 1340 Pinlserto·

1293 1402 1366 1456 nus,
1385 1401 1427 1442 ex
1441 1399 1506 1464 quo
1522 1379 1803 1462 iacileintelliges
1818 1379 1908 1462 ipse,
1931 1399 2075 1452 meum,

1295 1502 1332 1544 uc
1347 1481 1466 1543 eruditi
1482 1484 1552 1565 ejus
1567 1481 1628 1547 viri
1642 1481 1687 1544 dc
1699 1481 1750 1542 his
1763 1480 2077 1564 numisjudicium

1293 1601 1392 1646 unum
1415 1582 1486 1647 iere
1508 1583 1661 1668 idemque
1680 1601 1762 1644 esse.
1792 1581 1860 1643 Sed
1879 1583 1923 1643 id
1951 1584 2076 1666 ipsum

1295 1698 1359 1761 est,
1383 1685 1470 1769 qnod
1485 1685 1518 1744 in
1534 1685 1736 1747 Pinltertono
1753 1683 1968 1766 improbavit
1989 1703 2076 1746 ano·

1293 1806 1423 1867 aymus,
1447 1798 1481 1847 ut
1497 1785 1635 1850 vidimus
1650 1787 1684 1846 in
1700 1785 1868 1869 proposita
1886 1785 1974 1868 ejus
1997 1785 2074 1867 epi·

1296 1887 1387 1952 stola.
1419 1887 1463 1949 At
1486 1887 1557 1972 quis
1584 1908 1650 1949 non
1674 1905 1875 1971 magnopere
1902 1886 2074 1948 miretur

1295 1987 1488 2050 insolentem
1511 1989 1580 2071 ejus
1597 1987 1798 2072 disputandi,
1815 2003 2072 2072 argumentan-

1297 2091 1393 2174 dique
1405 2090 1558 2156 modum?
1573 2090 1714 2152 Moleste
1728 2089 1869 2172 primum
1881 2092 1975 2169 lert,
1989 2113 2073 2154 cen·

1296 2213 1408 2255 ruram
1421 2214 1442 2254 a
1451 2214 1502 2254 me
1513 2193 1619 2255 latum
1635 2214 1704 2254 esse
1718 2194 1854 2256 eundem
1868 2195 1944 2257 viri
1962 2195 2069 2256 docti

1297 2295 1511 2369 Pinlrertoni,
1541 2293 1700 2376 praecipit
1729 2291 1868 2369 deiude,
1897 2291 2068 2378 praecla-

1297 2417 1370 2457 rum
1387 2395 1457 2478 ejus
1472 2415 1552 2478 opus
1567 2409 1601 2457 ut
1616 2395 1799 2473 consulum,
1817 2414 1859 2458 ex
1874 2417 1944 2479 quo
1964 2398 2066 2472 neti·

1298 2501 1381 2560 tium
1410 2499 1599 2560 absolutum
1625 2491 1812 2580 praesentis
1841 2501 2066 2561 conditionis

1297 2601 1347 2659 rei
1374 2597 1616 2668 Britannorum
1645 2600 1901 2662 numismaticue
1925 2597 2063 2662 edoce·

1298 2698 1373 2764 ber.
1406 2699 1511 2782 Urget
1533 2699 1638 2760 bouus
1662 2719 1857 2780 anonymus,
1886 2699 2062 2784 jubetque

1299 2821 1351 2862 me
1370 2820 1559 2884 comparare
1577 2800 1678 2863 libros
1697 2801 1881 2883 Anglorunr
1905 2821 2060 2886 nuperos

1300 2901 1394 2964 dere
1409 2902 1642 2966 numismatica.
1664 2901 1826 2986 Equidem
1843 2903 1876 2966 in
1892 2901 2060 2968 beneficii

1300 3005 1377 3066 loco
1394 3017 1572 3087 putassem,
1590 3005 1618 3068 si
1636 3004 1811 3068 certiorem
1830 3027 1883 3070 me
1902 3007 2058 3082 iecisset,

1302 3107 1358 3189 qui
1377 3105 1441 3168 sint
1459 3105 1494 3167 hi
1511 3106 1589 3168 libri
1606 3111 1741 3190 nuperi,
1767 3107 1822 3191 qni
1840 3128 1956 3174 eorum
1977 3127 2061 3172 auc·

1301 3221 1410 3284 tores,
1442 3228 1524 3292 quae
1548 3207 1736 3293 inscriptio,
1765 3209 1853 3294 quod
1876 3211 2056 3285 meritum,

1304 3329 1385 3393 quae
1414 3309 1615 3372 eruditorum
1644 3311 1850 3378 existimatio.
1886 3313 2056 3377 Nimirum

1306 3426 1399 3476 retus
1418 3412 1500 3476 laec
1518 3428 1569 3476 est
1590 3413 1811 3489 consuetudo,
1838 3433 1901 3500 qua
1929 3411 2057 3479 eruditi

1295 3514 1462 3578 distantes
1485 3516 1665 3579 studiorum
1688 3537 1821 3580 suorum
1842 3517 1950 3582 socios
1971 3516 2057 3582 edo·

1306 3631 1397 3694 cent,
1416 3617 1497 3702 quid
1509 3618 1594 3701 apud
1611 3639 1646 3682 sc
1662 3641 1794 3682 suoram
1807 3618 1938 3702 ingenia
1953 3619 1986 3680 in
2003 3620 2056 3681 lu·

1306 3719 1378 3782 ce'm
1396 3721 1619 3802 provexerint.
1641 3723 1715 3784 Non
1734 3723 1781 3786 sic
1795 3722 1865 3799 illo,
1878 3722 1937 3785 sed
1957 3719 2054 3786 dissi·

1306 3822 1427 3882 mulato
1436 3841 1493 3883 suo
1503 3821 1670 3885 arbitrium
1680 3823 2054 3888 omnelibrarioEduar·

1306 3922 1350 3984 do
1367 3922 1548 4005 permittit,
1568 3924 1623 4007 qui
1642 3947 1659 3988 a
1677 3947 1728 3988 unc
1748 3927 1962 4008 compellatus
1981 3947 2050 3988 non

1307 4009 1445 4088 cessabit
1463 4022 1503 4088 ad
1521 4045 1573 4087 me
1592 4026 1724 4091 mittere
1744 4043 1780 4092 ut
1797 4030 1916 4113 optima
1934 4029 1966 4090 in
1985 4029 2051 4093 hoc

1307 4139 1517 4210 argumento,
1538 4127 1585 4190 sic
1603 4140 1636 4190 et
1651 4130 1792 4212 pessima
1810 4151 1967 4218 quaeque.
1994 4135 2051 4193 At·

1307 4229 1363 4315 qui
1382 4244 1416 4304 et
1434 4228 1628 4313 posterioris
1645 4231 1739 4315 hujus
1756 4233 1888 4316 generis
1906 4247 2051 4297 monstra

1306 4331 1395 4394 nasci
1411 4332 1445 4394 in
1463 4331 1534 4395 solo
1552 4332 1751 4411 Britannico,
1767 4335 1974 4422 educarique,
1993 4337 2051 4400 du·

1308 4433 1404 4497 bituri
1421 4435 1549 4520 nequit,
1573 4433 1600 4498 si
1616 4455 1732 4498 verum
1750 4451 1815 4514 est,
1837 4439 1925 4522 quod
1944 4461 2051 4524 nuper

1308 4536 1445 4602 candide
1461 4539 1628 4622 professus
1641 4539 2015 4624 estPinltertonus(Vol.
2025 4545 2050 4605 l.

1309 4662 1341 4725 p.
1358 4640 1433 4721 38):
1462 4663 1522 4704 cur
1543 4643 1707 4720 untiquist
1728 4645 1852 4708 eccard
1870 4649 1906 4708 in
1927 4647 2052 4710 visione

1311 4745 1380 4806 und
1395 4765 1574 4806 montense.
