4482 5560
375 405 382 422 ·
481 386 604 466 Mo„

1107 377 1300 460 CAPVT
1347 378 1377 453 1.

476 567 726 646 tianeiypatiea,
749 582 805 626 sea
819 567 1050 630 deconsalibus
1058 565 1221 630 Caesareis
1277 561 1446 650 suscipere
1463 559 1665 624 consalutant
1679 561 1898 628 consuevisse.
1920 568 2021 630 ineo·

477 667 563 730 edita
589 664 744 750 Lugduni
760 665 1019 732 ntncnxxxtt.
1062 668 1154 763 Quae
1177 687 1218 732 es
1277 663 1352 727 dens
1371 664 1476 728 serius
1494 679 1687 746 argumento
1711 678 1854 729 versatus
1879 679 1930 729 est
1947 687 2020 730 ern·

478 769 540 831 huo
578 767 648 850 ejus
680 764 906 831 lucubratione
935 766 976 830 ad
1010 783 1219 852 praesentem
1276 764 2020 850 ditusabbasMaszolenus,qui‚onminsnirn·

475 868 797 956 oensempertinent,
820 869 1220 954 sequentiasant.11egn·
1276 866 1525 932 adversionibus
1562 868 1602 931 ad
1643 868 1833 930 numismata
1886 872 2016 934 maximi

472 969 522 1032 lae
548 972 621 1046 vt,
654 990 731 1053 quas
765 974 933 1052 hypatiaas
955 971 1128 1058 ¹appellat,
1166 971 1216 1036 vir
1273 967 1398 1032 moduli
1422 967 1527 1032 musei
1550 967 1657 1030 Pisani
1677 971 1876 1052 ,praecipuos
1901 973 2017 1038 caess-

473 1069 622 1136 eraditas
653 1071 837 1149 coustituit,
872 1069 966 1152 justa
989 1091 1067 1156 quas
1096 1091 1216 1158 propo·
1271 1093 1345 1135 runs
1363 1070 1474 1134 titulos
1488 1069 1641 1134 adcurate
1658 1069 1718 1132 sibi
1738 1072 1948 1154 explicandas
1966 1097 2019 1138 sn-

475 1177 573 1236 situm
594 1171 656 1234 fuit
678 1173 929 1258 imperatoribus
945 1173 1148 1237 comittunt
1165 1193 1219 1236 su·
1274 1185 1400 1250 meret,
1421 1170 1812 1244 inanimedsersioneVl.
1827 1181 1868 1239 de
1885 1181 2017 1242 Consule

474 1273 624 1358 wipere,
646 1274 798 1336 nimirum
824 1295 885 1357 pro
906 1275 1036 1356 imperii
1059 1275 1216 1371 auspicio,
1273 1275 1373 1340 talem
1399 1274 1433 1336 in
1456 1271 1678 1338 examinandis
1704 1271 1754 1335 his
1777 1273 1869 1359 Pagii
1890 1279 2016 1363 regulis

473 1383 612 1458 psopter
634 1377 781 1439 solennia
803 1375 1110 1460 quinquennalinm,
1133 1391 1167 1441 et
1182 1377 1218 1440 io
1273 1376 1407 1442 suodnns
1425 1377 1550 1454 tenuit,
1571 1389 1607 1438 ut
1625 1373 1814 1440 universam
1835 1377 1922 1440 istud
1942 1399 2018 1444 exe·

472 1495 579 1560 genus
593 1477 763 1555 festorum,
785 1492 922 1565 propter
938 1479 1125 1567 conlegium
1141 1499 1218 1544 oon·

476 1578 556 1638 salis
574 1579 739 1656 Caesaris,
761 1582 814 1644 vel
832 1581 988 1664 Augusti,
1010 1593 1148 1665 propter
1161 1601 1218 1644 ex·

472 1676 672 1761 peditiouem
694 1680 886 1756 militarem,
916 1701 1012 1744 oauss
1038 1683 1218 1768 triumpho·

472 1797 564 1856 rum,
585 1800 622 1843 ao
645 1779 787 1868 deniqne
814 1803 909 1848 nausa
932 1781 1084 1846 ludorum
1106 1807 1218 1852 sueon-

473 1879 604 1944 larium.
629 1880 746 1975 ,Quod
770 1885 812 1947 sit
834 1884 875 1946 de
903 1883 953 1946 his
976 1885 1069 1967 Pagii
1090 1888 1216 1970 regulis

472 1979 645 2044 ferendum
660 1982 838 2066 judicium,
860 1988 969 2051 malim
993 1987 1153 2050 lectorem
1176 1989 1217 2052 sb

472 2081 545 2144 aliis
569 2083 696 2167 potins,
729 2104 824 2168 quam
856 2107 949 2150 anto
980 2087 1106 2155 instrui.
1153 2092 1216 2158 Vix

472 2183 674 2246 celebratum
704 2186 785 2248 illati
816 2189 909 2272 Pagii
940 2210 1022 2275 opus
1050 2191 1083 2250 iu
1106 2191 1216 2258 lucens

469 2283 608 2370 prodiit,
630 2288 757 2369 reperti
779 2289 951 2362 continuo,
974 2291 1030 2374 qui
1054 2291 1135 2356 lates
1157 2293 1215 2358 has

472 2386 584 2452 aviro
607 2387 736 2451 erudito
760 2391 854 2470 leges
882 2390 915 2450 in
942 2390 1099 2474 judicium
1124 2415 1216 2469 soca·

468 2503 554 2553 rent.
597 2489 668 2550 Hos
682 2489 767 2550 iuter
777 2491 926 2556 Nosisius
939 2495 1000 2555 sub
1008 2493 1108 2558 finem
1122 2517 1226 2578 prae·-

469 2590 577 2654 elaree
593 2611 669 2652 snae
679 2593 845 2673 Epistulae
858 2601 1038 2659 consularis
1055 2597 1094 2660 ud
1107 2600 1213 2683 ipsum

1272 1497 1350 1542 soen
1373 1479 1604 1562 perpetuasit
1628 1497 1759 1555 essum,
1790 1497 1828 1541 so
1843 1479 2019 1561 justissima

1273 1573 1502 1662 rep'rehensio.
1522 1577 1844 1645 Posthaeovironurn
1854 1594 2019 1662 praestan·

1273 1680 1355 1748 tium
1379 1679 1499 1743 iudioiu
1519 1700 1651 1762 possum
1672 1701 1776 1744 means
1800 1680 2017 1748 confidentius

1273 1779 1424 1866 profiteri
1435 1764 1655 1859 sententiam,
1678 1795 1845 1865 quaeest,
1866 1783 1949 1846 nihil
1964 1784 2016 1848 his

1272 1882 1367 1965 Pagii
1388 1883 1512 1968 regulis
1535 1884 1638 1964 magis
1665 1903 1739 1948 esso
1760 1881 1938 1964 ssuotusns,
1967 1885 2017 1946 iu·

1273 1997 1420 2062 certum,
1449 1979 1674 2062 arbitrarium,
1703 2000 1737 2049 et
1759 2005 2017 2071 quaquaversum

1272 2105 1290 2148 a
1313 2085 1400 2150 viro.
1414 2084 1546 2150 erudito
1578 2085 1619 2148 ad
1650 2087 1905 2153 confirmandam
1925 2109 2017 2156 suern

1273 2187 1462 2271 opinionem
1476 2187 1559 2252 faeta
1573 2187 1748 2268 historiae,
1771 2209 1808 2254 ao
1827 2183 2017 2256 monumen·

1272 2301 1304 2351 tu
1342 2308 1458 2352 eorum
1506 2289 1652 2373 ipsorum
1691 2292 1840 2378 ingratiis
1881 2292 2016 2358 adferri.

1271 2388 1452 2452 Enimvero
1488 2405 1698 2478 posteaquam
1721 2413 1853 2477 ⁴magno
1890 2394 2015 2473 labore,

1271 2489 1395 2574 majore
1434 2493 1542 2556 etissur
1568 2493 1676 2558 taedio
1713 2495 1894 2580 hypaticam
1932 2496 2016 2561 hano

1272 2592 1342 2676 ejas
1361 2592 1622 2658 dissertationem
1640 2595 1830 2671 finiveram,
1851 2613 1919 2661 turn
1937 2620 2015 2663 eane

448 2691 606 2774 .Pagium
635 2690 727 2755 datae
758 2693 863 2770 serio,
899 2694 958 2757 sed
986 2718 1110 2763 summe
1138 2721 1212 2764 onsu
1262 2694 1391 2770 rantra,
1431 2710 1528 2780 ⁸¹th
1558 2709 1651 2758 antei
1681 2697 1824 2782 ‘vertitu
1854 2698 2013 2778 ίΰῑθῙῙθῐῖι

459 2793 684 2872 'numantiam
722 2795 861 2858 amioum
878 2799 1100 2880 ¹perstrinxit,
1137 2823 1212 2867 cum
1269 2795 1485 2880 imperatores
1501 2797 1535 2858 in
1549 2801 1750 2883 capessendo
1763 2801 1932 2865 consulatu
1945 2782 2033 2866 nul-⁸

468 2896 531 2960 ait:
563 2897 624 2960 viri
648 2897 703 2959 aiii
731 2895 852 2962 eruditi
871 2905 975 2963 adhue
994 2908 1123 2984 aalqari
1146 2909 1213 2986 opi·
1268 2896 1723 2982 littelegibilssssbjflcisses
1747 2902 1821 2980 ⁸0³2
1844 2905 2015 2988 utin1³1⁶·

426 3011 432 3024 ·
467 3002 564 3062 ssione
589 3009 752 3075 teneatur,
780 3005 1021 3077 existimantes,
1050 3009 1213 3086 Aaqustss
1269 2995 1379 3081 risque
1398 2998 1497 3062 rebus
1519 3001 1591 3063 aliis
1611 3024 1700 3067 susm
1720 3024 1859 3066 unorum
1882 3021 2014 3072 secutos

466 3103 560 3162 modo
571 3102 697 3179 plures,
729 3103 822 3162 mado
838 3106 1009 3180 pauciores
1026 3111 1212 3171 consulatu,
1268 3097 1370 3161 fuisse
1395 3099 1580 3181 libidinem,
1612 3126 1685 3168 cum
1712 3119 1820 3168 tomen
1843 3107 1913 3194 ipse
1937 3127 2013 3172 oon·

463 3221 525 3280 pro
540 3205 677 3264 arbitrio
696 3205 890 3280 suscepisse,
920 3213 1012 3287 teque
1036 3193 1237 3294 lonytorem'
1268 3201 1403 3264 trarium
1421 3204 1516 3266 nobis
1537 3207 1638 3270 uellet
1654 3206 1869 3292 persuadere,
1891 3208 1950 3271 sed
1967 3209 2016 3274 tti-

467 3321 596 3380 opesam
617 3303 712 3362 inani
730 3303 839 3364 labare
855 3307 1115 3387 lasiseepataat',
1137 3317 1212 3376 dam
1267 3301 1378 3382 ribus,
1400 3320 1435 3367 ut
1462 3319 1597 3370 eventus
1624 3306 1751 3386 docuit,
1777 3323 1852 3393 post
1878 3311 2011 3374 immen-

466 3405 636 3464 eamndem
651 3405 873 3465 consulatuum
888 3426 1004 3469 causas
1017 3415 1211 3476 notationes
1270 3399 1339 3466 ⁸³111'
1369 3410 1612 3470 &mentionem
1645 3410 1677 3472 5¹¹
1707 3423 1842 3474 vettium
1873 3413 2014 3499 denique

467 3506 679 3584 inuestiqasti.
707 3508 766 3566 Vir
782 3526 861 3566 sane
874 3509 1092 3588 doctissimae,
1114 3520 1213 3578 actui
1270 3503 1392 3572 effutit·
1439 3507 1543 3604 Quam
1565 3511 1592 3572 {⁵
1611 3509 1780 3574 fallacibus
1797 3493 2011 3598 regulit⁹cum

465 3607 605 3667 nominis
620 3609 724 3668 cultor
739 3611 825 3668 datis
838 3612 884 3670 ad
893 3629 943 3670 sne
957 3613 1061 3673 literis
1078 3623 1213 3684 testatas
1269 3609 1487 3673 consulatibus
1517 3610 1634 3704 eonem
1661 3612 1692 3673 iu
1716 3634 1819 3708 opere
1844 3617 2014 3701 copulave-

466 3715 530 3780 est,
553 3693 678 3788 s'nqeats'·
691 3713 1118 3791 taisememcumessmimrs]
1137 3723 1212 3783 dm
1267 3707 1311 3769 rit
1329 3709 1425 3774 etism
1452 3725 1604 3776 votorum
1624 3713 1911 3800 quinquennalium
1932 3739 2012 3779 nun·

465 3814 874 3890 totmysslaseoaes'aaasti,
897 3821 1212 3895 qaastamessssssls'as
1267 3814 1491 3896 copationem,
1513 3815 1637 3896 patebit
1660 3837 1701 3878 es
1725 3818 1780 3894 iis,
1804 3837 1885 3902 qnae
1903 3817 1937 3880 ia
1953 3819 2011 3883 ho·

466 3912 535 3988 ipse
552 3915 707 3989 patabat,
730 3917 817 3996 qaod
835 3923 884 3976 tat
902 3919 1105 3995 exceptiones
1118 3914 1224 3980 suoe'
1264 3935 1338 3977 rum
1354 3927 1491 3981 tractata
1507 3916 1706 3982 docebimus.
1891 3983 1894 3988 ,

464 4020 540 4084 ant,
563 4023 599 4074 sst
614 4017 742 4092 saepias
756 4015 798 4074 ab
815 4017 1058 4093 imperatoribus
1072 4028 1209 4081 conten·
1326 4015 1387 4079 His
1410 4021 1567 4102 expositis
1590 4019 1630 4082 ud
1654 4017 1876 4102 explicandam
1894 4040 2009 4086 oonsu-

461 4119 558 4188 piae,
586 4131 681 4192 qaam
702 4113 891 4174 observatae
913 4117 1096 4194 uideantur,
1133 4131 1207 4200 post
1264 4115 1542 4200 ieiunationum,
1565 4122 1668 4206 qualis
1693 4115 1769 4183 inde
1788 4143 1805 4184 u
1823 4122 1907 4185 lulio
1929 4123 2007 4187 Cae·

465 4209 676 4294 quodcausne
695 4211 1207 4304 exordiamooepiteruditemu·
1264 4239 1337 4282 sare
1365 4219 1426 4283 fuit
1457 4226 1647 4300 constituta,
1685 4237 1717 4287 et
1749 4245 1809 4308 per
1840 4225 2009 4310 sequentis

464 4333 502 4376 re
530 4329 589 4374 suo
621 4331 789 4393 exponere
816 4315 976 4389 rationes,
1008 4337 1047 4378 ex
1071 4341 1205 4403 quarum
1266 4319 1402 4405 imperia
1428 4346 1529 4410 usque
1556 4327 1595 4390 nd
1622 4326 1819 4412 antiquatum
1845 4347 1919 4390 enm
1945 4349 2011 4391 me·

463 4428 643 4500 praesepto
662 4413 825 4477 divorsum
841 4410 882 4479 ab
898 4418 1001 4478 amieo
1014 4421 1137 4482 sentire
1153 4442 1207 4484 co·
1265 4422 1433 4504 'gistratum
1452 4427 1567 4505 veluit,
1585 4443 1837 4508 convertemur,
1859 4431 2008 4494 omnibns

465 4531 620 4603 geretur,
645 4531 677 4580 et
701 4531 848 4602 perstare
876 4513 918 4581 in'
930 4535 1042 4586 vetet-e
1061 4543 1117 4584 sue
1135 4509 1225 4585 sen·'
1264 4525 1359 4608 hujus
1379 4531 1561 4612 argumenti
1578 4533 1683 4594 oensis
1701 4547 1839 4617 propter
1853 4517 2029 4598 m'oteriao¹

466 4622 581 4700 tentis,
604 4623 964 4710 imperatoresnonnisi
980 4621 1017 4687 sd
1037 4623 1207 4689 arbitrium
1264 4629 1451 4696 serietatem
1479 4633 1512 4694 in
1538 4647 1646 4696 ees-tos
1669 4637 1824 4700 articulos
1847 4635 2013 4720 sepositis.
