4404 5564
611 531 688 626 sn
723 485 1010 634 vonvunu
1044 531 1361 625 snsssnvn.
1719 571 1765 636 52

221 715 275 778 isa
301 737 468 796 amissura
498 735 557 781 cass
582 733 751 802 assamur,
781 721 901 802 ξυλειας
930 741 965 780 aa
1021 717 1275 798 nitcolnmnas',
1298 739 1511 805 superquam
1527 721 1687 790 Maenius
1702 737 1766 789 teo·

220 823 344 896 πληθος
364 823 547 896 masinissa.
577 821 632 902 (L.
649 825 721 892 Vll.
740 825 773 887 in
791 824 884 906 line.)
912 822 965 883 Dc
1023 833 1094 886 turn
1109 822 1300 902 projiceret,
1321 842 1365 886 aa
1373 824 1624 906 prevalentibus
1638 827 1766 890 tabula·

222 919 432 986 Praetextato
467 921 526 985 suh
566 924 793 992 Valentiniano
822 929 847 991 i.
875 923 965 986 urbis
1024 925 1084 986 tis,
1109 923 1218 984 Fuere
1241 942 1322 1006 ergo
1344 925 1426 988 haec
1451 928 1619 992 Maeniana
1633 927 1766 992 solario·

220 1023 393 1108 praesecto
408 1040 518 1090 narrat
531 1027 733 1106 Ammianus,
750 1029 805 1112 (L.
816 1027 966 1108 XXVII.)
1023 1046 1097 1088 rum
1119 1025 1282 1108 quoddam
1303 1045 1423 1108 genus,
1453 1047 1534 1114 quae
1552 1041 1584 1092 et
1600 1049 1660 1094 nos
1675 1049 1767 1094 orua-

221 1147 297 1190 cum
320 1127 507 1194 Maeniana
523 1131 701 1194 sustulisse
722 1133 844 1206 omnia,
855 1131 968 1212 fabri·
1025 1125 1127 1189 menti
1139 1127 1586 1194 etcommodicausssedihus
1602 1151 1700 1218 saepo
1715 1129 1768 1196 ad·

224 1233 296 1293 cari
320 1231 448 1292 Romae
465 1233 587 1310 priscis
609 1251 736 1311 quoque
761 1235 867 1295 vetita
887 1231 968 1314 legi·
1023 1228 1168 1311 jicimus,
1191 1243 1225 1293 et
1245 1249 1286 1293 ex
1301 1228 1471 1292 Gallorum
1494 1229 1605 1315 lingna
1622 1235 1769 1298 Balcons

220 1331 293 1396 bns.
328 1331 404 1394 Non
421 1329 551 1410 dubito,
574 1334 819 1396 Mennianorum
835 1332 967 1394 nomino
1025 1331 1235 1416 appellamus.
1266 1333 1310 1394 Aa
1332 1331 1406 1414 quia
1424 1331 1505 1397 haec
1530 1335 1654 1399 Romae
1676 1334 1768 1418 ligno

121 1475 124 1485 .
218 1431 363 1517 intelligi
376 1416 415 1494 id
429 1434 550 1519 ipsum,
578 1433 666 1521 qnod
684 1436 748 1499 hoo
768 1437 844 1499 loco
860 1437 968 1499 Hero·
1024 1432 1220 1517 plerumque
1238 1431 1433 1512 constitere,
1452 1448 1487 1498 ut
1507 1449 1647 1519 arguunt
1666 1435 1767 1503 verba

219 1533 334 1598 dianus
349 1535 481 1616 ligneas
490 1538 697 1622 projecturus
712 1551 816 1604 vocat.
835 1537 890 1600 Ait
903 1538 967 1602 Fe·
1025 1535 1138 1616 tigna,
1159 1537 1316 1612 materia,
1341 1536 1510 1612 tabulata,
1531 1549 1604 1598 orto
1622 1535 1708 1602 forte
1721 1537 1768 1599 in-

218 1649 287 1700 stus
315 1637 391 1718 (sub
416 1637 635 1720 Maeniana)s
665 1639 852 1704 Maeniana
876 1643 965 1704 aedi·
1025 1635 1143 1700 cendio
1167 1634 1321 1698 idoneum
1336 1633 1430 1698 fuere
1444 1632 1581 1702 flammis
1597 1637 1768 1722 pabulum3

206 1737 297 1822 ficia
314 1759 341 1826 a¹
352 1739 491 1802 Maenio
513 1752 593 1804 sunt
609 1743 778 1824 appellata
787 1763 798 1822 3
829 1746 861 1805 is
875 1743 964 1805 enim
1024 1737 1111 1819 jure·
1129 1735 1229 1814 odeo,
1263 1749 1299 1800 ut
1327 1737 1372 1807 ait
1407 1736 1614 1816 Ammianus,
1652 1740 1768 1824 priscis

213 1841 344 1920 primus
366 1841 458 1904 altra
483 1845 655 1906 columnas
678 1843 831 1906 serendis
851 1845 965 1926 tigna,
1026 1859 1155 1924 quoque
1174 1837 1304 1924 legibus
1324 1839 1434 1904 vetita.
1454 1875 1496 1890 ·-
1512 1839 1599 1908 Vide
1624 1839 1769 1926 desorip

218 1961 283 2022 quo
294 1942 534 2022 ampliarentur
546 1945 728 2025 superiora.
748 1945 792 2006 Et
807 1942 965 2008 Isidorus:
1023 1940 1147 2005 tionem
1163 1941 1389 2006 incendiorum
1414 1939 1503 2004 urhis
1525 1941 1613 2005 hene
1637 1943 1792 2030 longam·

219 2041 330 2126 (Orig.
342 2043 380 2103 L.
400 2043 472 2110 XV.
489 2063 519 2106 o.
532 2043 580 2127 3.)
606 2045 816 2110 Maeniaaus
837 2043 967 2130 collega
1023 2043 1109 2125 apud
1133 2042 1331 2110 Iuvenalem.
1360 2044 1443 2125 (Sat.
1462 2044 1520 2112 vl.
1538 2041 1615 2107 inde
1627 2055 1651 2106 'a
1670 2065 1768 2109 versu

222 2143 337 2206 Crassi
360 2145 396 2206 in
412 2144 496 2225 foro
511 2146 653 2226 projecit
669 2149 843 2225 materias,
862 2161 900 2210 ut
917 2170 967 2211 as·
1026 2143 1110 2228 197.)

178 2251 180 2254 ’
218 2256 292 2308 sant
314 2245 403 2320 loca,
421 2231 470 2306 'in
492 2247 612 2324 auibus
631 2259 817 2329 spectantes
832 2251 965 2312 insiste·

217 2357 307 2420 rent,
317 2347 321 2352 '
331 2363 417 2425 quaa
433 2364 477 2408 aa
493 2351 625 2410 nomine
641 2348 711 2424 aius
725 2347 894 2440 Maeniana
908 2369 964 2436 ap·
1199 2331 1236 2390 P·
1250 2327 1323 2412 47⁶·
1340 2330 1403 2392 ⁶⁰²·
1417 2346 1447 2394 ²·
1463 2329 1522 2394 ²5¹²·
1541 2329 1591 2394 23·

213 2446 345 2528 pellata
360 2457 421 2510 est.
453 2447 547 2508 Haeo
562 2459 597 2510 at
609 2447 737 2526 solaria,
755 2456 837 2530 qaia
846 2464 965 2537 patent
1085 2445 1163 2508 Di¹i
1178 2447 1241 2510 ¹¹⁰⁰
1253 2449 1347 2524 1⁰0⁰,
1363 2469 1428 2510 ¹¹⁰1!
1444 2460 1573 2510 9ῐῦῑᾶΥο
1590 2471 1767 2528 mamma

217 2547 288 2610 soli
296 2565 305 2620 3
322 2559 401 2631 post
418 2547 500 2610 lsasc
516 2549 579 2612 alii
592 2551 721 2633 lapids,
744 2553 808 2616 alii
820 2555 965 2617 materia
1023 2569 1105 2633 quse
1140 2549 1275 2612 Claudio
1311 2549 1452 2612 Gothico
1486 2547 1680 2614 Germanici
1711 2565 1779 2616 uo·¹'

217 2645 396 2732 aedificare
407 2651 594 2729 porticibus
610 2651 814 2730 Maeniana,
838 2654 966 2735 etfiri·
1023 2670 1100 2712 man
1115 2650 1267 2730 tribuant,
1283 2664 1316 2714 et
1328 2664 1437 2714 tamen
1451 2650 1546 2713 altius
1560 2673 1591 2734 p.
1602 2651 1665 2728 405
1682 2675 1769 2716 mar·

216 2751 278 2812 bas
295 2761 330 2812 et
346 2750 498 2813 domibus
511 2753 712 2830 adiecerunt.
742 2755 850 2818 Etiam
866 2754 968 2819 Asco-
1025 2773 1098 2816 mor
1115 2753 1288 2837 proposui,
1309 2754 1423 2837 inquo
1440 2752 1466 2814 is
1486 2751 1707 2818 Germanicus
1719 2754 1767 2816 di·

216 2851 305 2928 nius,
331 2850 389 2914 ubi
411 2851 477 2935 agit
496 2849 537 2916 de
558 2854 709 2919 columns
731 2857 877 2934 Maeuia,
910 2856 967 2940 (ad
1027 2855 1121 2919 citur.
1154 2855 1354 2918 Manendum
1376 2855 1493 2940 igitur,
1519 2855 1648 2918 nonnisi
1672 2857 1768 2920 raris·

222 2953 393 3018 Ciceronis
425 2953 656 3022 divinationem
681 2977 752 3042 cap.
767 2959 832 3042 sla.)
856 2960 969 3023 menri·
1026 2957 1107 3022 mmo
1124 2977 1246 3020 nomen
1258 2955 1393 3020 istudiu
1409 2956 1624 3021 marmoribus
1640 2959 1719 3043 legi.
