<?xml version="1.0" encoding="UTF-8"?>
<!DOCTYPE html PUBLIC "-//W3C//DTD XHTML 1.0 Transitional//EN"
    "http://www.w3.org/TR/xhtml1/DTD/xhtml1-transitional.dtd">
<html xmlns="http://www.w3.org/1999/xhtml" xml:lang="en" lang="en">
 <head>
  <title>
</title>
<meta http-equiv="Content-Type" content="text/html;charset=utf-8" />
  <meta name='ocr-system' content='tesseract 3.04.00' />
  <meta name='ocr-capabilities' content='ocr_page ocr_carea ocr_par ocr_line ocrx_word'/>
</head>
<body>
  <div class='ocr_page' id='page_1' title='image "./doctrinanvmorvm06grangoog/doctrinanvmorvm06grangoog_0591.png"; bbox 0 0 4404 5564; ppageno 0'>
   <div class='ocr_carea' id='block_1_1' title="bbox 460 519 1567 638">
    <p class='ocr_par' dir='ltr' id='par_1_1' title="bbox 460 519 1567 638">
     <span class='ocr_line' id='line_1_1' title="bbox 460 519 1567 638; baseline 0.002 -2"><span class='ocrx_word' id='word_1_1' title='bbox 460 583 507 636; x_wconf 42' lang='lat' dir='ltr'>xa</span> <span class='ocrx_word' id='word_1_2' title='bbox 879 573 881 578; x_wconf 90' lang='lat'>·</span> <span class='ocrx_word' id='word_1_3' title='bbox 951 519 1210 638; x_wconf 75' lang='lat' dir='ltr'>tuomum</span> <span class='ocrx_word' id='word_1_4' title='bbox 1235 565 1567 638; x_wconf 72' lang='lat' dir='ltr'>attentata</span> 
     </span>
    </p>
   </div>
   <div class='ocr_carea' id='block_1_2' title="bbox 391 732 2035 3388">
    <p class='ocr_par' dir='ltr' id='par_1_2' title="bbox 465 732 2035 1642">
     <span class='ocr_line' id='line_1_2' title="bbox 587 732 2031 836; baseline 0.002 -29"><span class='ocrx_word' id='word_1_5' title='bbox 587 734 719 836; x_wconf 78' lang='lat' dir='ltr'>Quoad</span> <span class='ocrx_word' id='word_1_6' title='bbox 737 733 1267 808; x_wconf 76' lang='lat' dir='ltr'>numosRomanosEclthel</span> <span class='ocrx_word' id='word_1_7' title='bbox 1283 758 1413 810; x_wconf 87' lang='lat' dir='ltr'>novam</span> <span class='ocrx_word' id='word_1_8' title='bbox 1435 732 1736 834; x_wconf 87' lang='lat' dir='ltr'>planerationem</span> <span class='ocrx_word' id='word_1_9' title='bbox 1759 751 1937 835; x_wconf 73' lang='lat' dir='ltr'>seqnmtm</span> <span class='ocrx_word' id='word_1_10' title='bbox 1958 755 2031 812; x_wconf 87' lang='lat' dir='ltr'>est.</span> 
     </span>
     <span class='ocr_line' id='line_1_3' title="bbox 484 867 2035 970; baseline 0.002 -28"><span class='ocrx_word' id='word_1_11' title='bbox 484 873 561 942; x_wconf 79' lang='lat' dir='ltr'>Eos</span> <span class='ocrx_word' id='word_1_12' title='bbox 581 891 715 970; x_wconf 88' lang='lat' dir='ltr'>nempe</span> <span class='ocrx_word' id='word_1_13' title='bbox 728 868 768 942; x_wconf 90' lang='lat' dir='ltr'>in</span> <span class='ocrx_word' id='word_1_14' title='bbox 787 894 920 944; x_wconf 86' lang='lat' dir='ltr'>numos</span> <span class='ocrx_word' id='word_1_15' title='bbox 932 867 1154 944; x_wconf 73' lang='lat' dir='ltr'><strong>Consulares</strong></span> <span class='ocrx_word' id='word_1_16' title='bbox 1176 884 1215 944; x_wconf 89' lang='lat' dir='ltr'>ct</span> <span class='ocrx_word' id='word_1_17' title='bbox 1223 869 1483 970; x_wconf 84' lang='lat' dir='ltr'>Imperatoriae</span> <span class='ocrx_word' id='word_1_18' title='bbox 1504 867 1706 946; x_wconf 71' lang='lat' dir='ltr'>subdivisit.</span> <span class='ocrx_word' id='word_1_19' title='bbox 1719 870 1848 945; x_wconf 80' lang='lat' dir='ltr'>:Numi</span> <span class='ocrx_word' id='word_1_20' title='bbox 1860 871 2035 946; x_wconf 88' lang='lat' dir='ltr'>Consu·</span> 
     </span>
     <span class='ocr_line' id='line_1_4' title="bbox 478 1001 2034 1103; baseline 0.002 -29"><span class='ocrx_word' id='word_1_21' title='bbox 478 1002 617 1094; x_wconf 88' lang='lat' dir='ltr'>lares,</span> <span class='ocrx_word' id='word_1_22' title='bbox 643 1003 709 1102; x_wconf 89' lang='lat' dir='ltr'>qui</span> <span class='ocrx_word' id='word_1_23' title='bbox 733 1003 802 1080; x_wconf 88' lang='lat' dir='ltr'>sub</span> <span class='ocrx_word' id='word_1_24' title='bbox 815 1003 1042 1080; x_wconf 88' lang='lat' dir='ltr'>Consulibus</span> <span class='ocrx_word' id='word_1_25' title='bbox 1054 1003 1146 1080; x_wconf 81' lang='lat' dir='ltr'>facti</span> <span class='ocrx_word' id='word_1_26' title='bbox 1164 1001 1327 1094; x_wconf 85' lang='lat' dir='ltr'>fuerunt,</span> <span class='ocrx_word' id='word_1_27' title='bbox 1353 1005 1463 1079; x_wconf 85' lang='lat' dir='ltr'>etiam</span> <span class='ocrx_word' id='word_1_28' title='bbox 1475 1005 1723 1084; x_wconf 85' lang='lat' dir='ltr'>Romanarum</span> <span class='ocrx_word' id='word_1_29' title='bbox 1740 1005 1905 1103; x_wconf 84' lang='lat' dir='ltr'>gentium</span> <span class='ocrx_word' id='word_1_30' title='bbox 1926 1007 2034 1078; x_wconf 91' lang='lat' dir='ltr'>numi</span> 
     </span>
     <span class='ocr_line' id='line_1_5' title="bbox 477 1130 2034 1240; baseline 0.002 -30"><span class='ocrx_word' id='word_1_31' title='bbox 477 1134 658 1238; x_wconf 84' lang='lat' dir='ltr'>appellari</span> <span class='ocrx_word' id='word_1_32' title='bbox 684 1140 838 1232; x_wconf 76' lang='lat' dir='ltr'>solent,¹</span> <span class='ocrx_word' id='word_1_33' title='bbox 856 1140 945 1240; x_wconf 90' lang='lat' dir='ltr'>qnia</span> <span class='ocrx_word' id='word_1_34' title='bbox 971 1138 1126 1215; x_wconf 87' lang='lat' dir='ltr'>totidem</span> <span class='ocrx_word' id='word_1_35' title='bbox 1153 1135 1269 1213; x_wconf 89' lang='lat' dir='ltr'>series</span> <span class='ocrx_word' id='word_1_36' title='bbox 1297 1137 1577 1214; x_wconf 83' lang='lat' dir='ltr'>clarissimarum</span> <span class='ocrx_word' id='word_1_37' title='bbox 1599 1130 1763 1240; x_wconf 81' lang='lat' dir='ltr'>gentium</span> <span class='ocrx_word' id='word_1_38' title='bbox 1782 1139 2034 1216; x_wconf 84' lang='lat' dir='ltr'>Romanarum</span> 
     </span>
     <span class='ocr_line' id='line_1_6' title="bbox 475 1271 2025 1377; baseline 0.005 -36"><span class='ocrx_word' id='word_1_39' title='bbox 475 1289 769 1370; x_wconf 87' lang='lat' dir='ltr'>repraesentant.</span> <span class='ocrx_word' id='word_1_40' title='bbox 806 1276 908 1377; x_wconf 79' lang='lat' dir='ltr'>Quos</span> <span class='ocrx_word' id='word_1_41' title='bbox 935 1289 1082 1363; x_wconf 88' lang='lat' dir='ltr'>noster,</span> <span class='ocrx_word' id='word_1_42' title='bbox 1120 1278 1225 1362; x_wconf 85' lang='lat' dir='ltr'>cunr,</span> <span class='ocrx_word' id='word_1_43' title='bbox 1250 1289 1403 1370; x_wconf 88' lang='lat' dir='ltr'>propter</span> <span class='ocrx_word' id='word_1_44' title='bbox 1424 1271 1723 1350; x_wconf 76' lang='lat' dir='ltr'>incertitudinem</span> <span class='ocrx_word' id='word_1_45' title='bbox 1742 1273 1821 1364; x_wconf 86' lang='lat' dir='ltr'>rei,</span> <span class='ocrx_word' id='word_1_46' title='bbox 1847 1273 2025 1348; x_wconf 75' lang='lat' dir='ltr'>methodo</span> 
     </span>
     <span class='ocr_line' id='line_1_7' title="bbox 475 1404 2028 1508; baseline 0.002 -29"><span class='ocrx_word' id='word_1_47' title='bbox 475 1409 734 1506; x_wconf 89' lang='lat' dir='ltr'>systematicn,</span> <span class='ocrx_word' id='word_1_48' title='bbox 758 1408 834 1483; x_wconf 82' lang='lat' dir='ltr'>sive</span> <span class='ocrx_word' id='word_1_49' title='bbox 858 1409 1148 1506; x_wconf 80' lang='lat' dir='ltr'>chronologica,</span> <span class='ocrx_word' id='word_1_50' title='bbox 1169 1405 1245 1479; x_wconf 92' lang='lat' dir='ltr'>sive</span> <span class='ocrx_word' id='word_1_51' title='bbox 1269 1404 1360 1497; x_wconf 79' lang='lat' dir='ltr'>alia,</span> <span class='ocrx_word' id='word_1_52' title='bbox 1386 1407 1587 1508; x_wconf 75' lang='lat' dir='ltr'>disponere</span> <span class='ocrx_word' id='word_1_53' title='bbox 1610 1433 1686 1482; x_wconf 91' lang='lat' dir='ltr'>non</span> <span class='ocrx_word' id='word_1_54' title='bbox 1706 1408 1880 1496; x_wconf 84' lang='lat' dir='ltr'>auderet,</span> <span class='ocrx_word' id='word_1_55' title='bbox 1907 1435 1950 1482; x_wconf 83' lang='lat' dir='ltr'>er</span> <span class='ocrx_word' id='word_1_56' title='bbox 1969 1433 2028 1482; x_wconf 90' lang='lat' dir='ltr'>or·</span> 
     </span>
     <span class='ocr_line' id='line_1_8' title="bbox 465 1537 1287 1642; baseline -0.002 -28"><span class='ocrx_word' id='word_1_57' title='bbox 465 1537 822 1642; x_wconf 69' lang='lat' dir='ltr'>¹dine&#39;alphabetico</span> <span class='ocrx_word' id='word_1_58' title='bbox 841 1541 1115 1617; x_wconf 88' lang='lat' dir='ltr'>distribuendos</span> <span class='ocrx_word' id='word_1_59' title='bbox 1136 1541 1287 1642; x_wconf 82' lang='lat' dir='ltr'>putavit.</span> 
     </span>
    </p>

    <p class='ocr_par' dir='ltr' id='par_1_3' title="bbox 391 1673 2031 2589">
     <span class='ocr_line' id='line_1_9' title="bbox 571 1673 2029 1777; baseline 0.003 -31"><span class='ocrx_word' id='word_1_60' title='bbox 571 1679 614 1748; x_wconf 90' lang='lat' dir='ltr'>ln</span> <span class='ocrx_word' id='word_1_61' title='bbox 643 1678 763 1751; x_wconf 84' lang='lat' dir='ltr'>numia</span> <span class='ocrx_word' id='word_1_62' title='bbox 793 1674 1139 1776; x_wconf 78' lang='lat' dir='ltr'>imperatoriis</span> <span class='ocrx_word' id='word_1_63' title='bbox 1169 1673 1386 1749; x_wconf 72' lang='lat' dir='ltr'>ordinandis</span> <span class='ocrx_word' id='word_1_64' title='bbox 1416 1675 1481 1750; x_wconf 91' lang='lat' dir='ltr'>alii</span> <span class='ocrx_word' id='word_1_65' title='bbox 1501 1675 1717 1750; x_wconf 79' lang='lat' dir='ltr'>methodum</span> <span class='ocrx_word' id='word_1_66' title='bbox 1747 1673 2029 1777; x_wconf 69' lang='lat' dir='ltr'>alphabeticum,</span> 
     </span>
     <span class='ocr_line' id='line_1_10' title="bbox 471 1808 2031 1911; baseline 0.001 -29"><span class='ocrx_word' id='word_1_67' title='bbox 471 1811 776 1910; x_wconf 78' lang='lat' dir='ltr'>chronologicam</span> <span class='ocrx_word' id='word_1_68' title='bbox 791 1811 854 1884; x_wconf 87' lang='lat' dir='ltr'>alii</span> <span class='ocrx_word' id='word_1_69' title='bbox 877 1811 986 1910; x_wconf 89' lang='lat' dir='ltr'>sequi</span> <span class='ocrx_word' id='word_1_70' title='bbox 1003 1808 1101 1885; x_wconf 89' lang='lat' dir='ltr'>soliti</span> <span class='ocrx_word' id='word_1_71' title='bbox 1119 1809 1264 1884; x_wconf 87' lang='lat' dir='ltr'>fuerant</span> <span class='ocrx_word' id='word_1_72' title='bbox 1271 1837 1283 1903; x_wconf 81' lang='lat'>3</span> <span class='ocrx_word' id='word_1_73' title='bbox 1309 1809 1503 1884; x_wconf 87' lang='lat' dir='ltr'>methodus</span> <span class='ocrx_word' id='word_1_74' title='bbox 1522 1809 1755 1911; x_wconf 78' lang='lat' dir='ltr'>alphabetico</span> <span class='ocrx_word' id='word_1_75' title='bbox 1780 1827 1914 1900; x_wconf 87' lang='lat' dir='ltr'>tamen,</span> <span class='ocrx_word' id='word_1_76' title='bbox 1942 1813 2031 1909; x_wconf 87' lang='lat' dir='ltr'>quia</span> 
     </span>
     <span class='ocr_line' id='line_1_11' title="bbox 391 1927 2030 2045; baseline 0.003 -31"><span class='ocrx_word' id='word_1_77' title='bbox 391 1927 394 1934; x_wconf 41' lang='lat'>¹</span> <span class='ocrx_word' id='word_1_78' title='bbox 469 1943 564 2016; x_wconf 84' lang='lat' dir='ltr'>nihil</span> <span class='ocrx_word' id='word_1_79' title='bbox 581 1942 728 2018; x_wconf 89' lang='lat' dir='ltr'>luminis</span> <span class='ocrx_word' id='word_1_80' title='bbox 753 1945 925 2020; x_wconf 89' lang='lat' dir='ltr'>historiae</span> <span class='ocrx_word' id='word_1_81' title='bbox 945 1945 1183 2019; x_wconf 71' lang='lat' dir='ltr'>illustrandae</span> <span class='ocrx_word' id='word_1_82' title='bbox 1215 1942 1393 2034; x_wconf 83' lang='lat' dir='ltr'>inferret,</span> <span class='ocrx_word' id='word_1_83' title='bbox 1423 1971 1444 2020; x_wconf 92' lang='lat' dir='ltr'>a</span> <span class='ocrx_word' id='word_1_84' title='bbox 1462 1943 1651 2045; x_wconf 78' lang='lat' dir='ltr'>plerisque</span> <span class='ocrx_word' id='word_1_85' title='bbox 1671 1943 1859 2026; x_wconf 76' lang='lat' dir='ltr'>derelicta.</span> <span class='ocrx_word' id='word_1_86' title='bbox 1887 1945 1964 2019; x_wconf 84' lang='lat' dir='ltr'>Sed</span> <span class='ocrx_word' id='word_1_87' title='bbox 1980 1971 2030 2018; x_wconf 90' lang='lat' dir='ltr'>ne</span> 
     </span>
     <span class='ocr_line' id='line_1_12' title="bbox 469 2077 2031 2180; baseline 0.001 -32"><span class='ocrx_word' id='word_1_88' title='bbox 469 2079 511 2148; x_wconf 87' lang='lat' dir='ltr'>in</span> <span class='ocrx_word' id='word_1_89' title='bbox 533 2079 707 2152; x_wconf 84' lang='lat' dir='ltr'>methodo</span> <span class='ocrx_word' id='word_1_90' title='bbox 746 2077 1008 2178; x_wconf 83' lang='lat' dir='ltr'>chronologica</span> <span class='ocrx_word' id='word_1_91' title='bbox 1031 2078 1193 2177; x_wconf 84' lang='lat' dir='ltr'>quidem·</span> <span class='ocrx_word' id='word_1_92' title='bbox 1208 2101 1336 2151; x_wconf 82' lang='lat' dir='ltr'>umnec</span> <span class='ocrx_word' id='word_1_93' title='bbox 1355 2079 1486 2152; x_wconf 88' lang='lat' dir='ltr'>iisdem</span> <span class='ocrx_word' id='word_1_94' title='bbox 1511 2078 1568 2154; x_wconf 89' lang='lat' dir='ltr'>usi</span> <span class='ocrx_word' id='word_1_95' title='bbox 1588 2079 1738 2152; x_wconf 79' lang='lat' dir='ltr'>fucrant</span> <span class='ocrx_word' id='word_1_96' title='bbox 1755 2078 1963 2180; x_wconf 87' lang='lat' dir='ltr'>principiis,</span> <span class='ocrx_word' id='word_1_97' title='bbox 1982 2081 2031 2152; x_wconf 90' lang='lat' dir='ltr'>si·</span> 
     </span>
     <span class='ocr_line' id='line_1_13' title="bbox 472 2207 2030 2310; baseline 0.004 -28"><span class='ocrx_word' id='word_1_98' title='bbox 472 2211 623 2310; x_wconf 87' lang='lat' dir='ltr'>quidem</span> <span class='ocrx_word' id='word_1_99' title='bbox 642 2213 765 2287; x_wconf 91' lang='lat' dir='ltr'>Occo</span> <span class='ocrx_word' id='word_1_100' title='bbox 788 2231 826 2286; x_wconf 92' lang='lat' dir='ltr'>et</span> <span class='ocrx_word' id='word_1_101' title='bbox 842 2213 1168 2288; x_wconf 89' lang='lat' dir='ltr'>Medioharhus</span> <span class='ocrx_word' id='word_1_102' title='bbox 1194 2207 1309 2285; x_wconf 85' lang='lat' dir='ltr'>fastos</span> <span class='ocrx_word' id='word_1_103' title='bbox 1329 2215 1530 2301; x_wconf 79' lang='lat' dir='ltr'>Romanoa,</span> <span class='ocrx_word' id='word_1_104' title='bbox 1556 2211 1619 2286; x_wconf 88' lang='lat' dir='ltr'>alii</span> <span class='ocrx_word' id='word_1_105' title='bbox 1638 2211 1743 2286; x_wconf 89' lang='lat' dir='ltr'>aliam</span> <span class='ocrx_word' id='word_1_106' title='bbox 1765 2211 1953 2288; x_wconf 79' lang='lat' dir='ltr'>divisionis</span> <span class='ocrx_word' id='word_1_107' title='bbox 1973 2238 2030 2289; x_wconf 90' lang='lat' dir='ltr'>ra·</span> 
     </span>
     <span class='ocr_line' id='line_1_14' title="bbox 468 2345 2028 2448; baseline 0.002 -30"><span class='ocrx_word' id='word_1_108' title='bbox 468 2345 609 2420; x_wconf 89' lang='lat' dir='ltr'>tionem</span> <span class='ocrx_word' id='word_1_109' title='bbox 628 2348 777 2448; x_wconf 90' lang='lat' dir='ltr'>sequuti</span> <span class='ocrx_word' id='word_1_110' title='bbox 813 2347 970 2421; x_wconf 83' lang='lat' dir='ltr'>inerant.</span> <span class='ocrx_word' id='word_1_111' title='bbox 996 2345 1138 2421; x_wconf 77' lang='lat' dir='ltr'>Eclthel</span> <span class='ocrx_word' id='word_1_112' title='bbox 1156 2362 1290 2437; x_wconf 86' lang='lat' dir='ltr'>autem,</span> <span class='ocrx_word' id='word_1_113' title='bbox 1308 2345 1489 2445; x_wconf 88' lang='lat' dir='ltr'>quidquid</span> <span class='ocrx_word' id='word_1_114' title='bbox 1511 2346 1600 2420; x_wconf 91' lang='lat' dir='ltr'>boni</span> <span class='ocrx_word' id='word_1_115' title='bbox 1612 2347 1710 2446; x_wconf 90' lang='lat' dir='ltr'>apud</span> <span class='ocrx_word' id='word_1_116' title='bbox 1724 2347 1890 2447; x_wconf 82' lang='lat' dir='ltr'>singulos</span> <span class='ocrx_word' id='word_1_117' title='bbox 1916 2365 2028 2438; x_wconf 84' lang='lat' dir='ltr'>esset,</span> 
     </span>
     <span class='ocr_line' id='line_1_15' title="bbox 468 2481 1279 2589; baseline 0.002 -39"><span class='ocrx_word' id='word_1_118' title='bbox 468 2481 508 2552; x_wconf 92' lang='lat' dir='ltr'>in</span> <span class='ocrx_word' id='word_1_119' title='bbox 531 2497 693 2582; x_wconf 75' lang='lat' dir='ltr'>systema</span> <span class='ocrx_word' id='word_1_120' title='bbox 725 2496 834 2555; x_wconf 86' lang='lat' dir='ltr'>suum</span> <span class='ocrx_word' id='word_1_121' title='bbox 858 2481 1106 2589; x_wconf 81' lang='lat' dir='ltr'>adoptandum</span> <span class='ocrx_word' id='word_1_122' title='bbox 1127 2481 1279 2578; x_wconf 84' lang='lat' dir='ltr'>putavit.</span> 
     </span>
    </p>

    <p class='ocr_par' dir='ltr' id='par_1_4' title="bbox 465 2613 2030 3388">
     <span class='ocr_line' id='line_1_16' title="bbox 569 2613 2029 2718; baseline 0.002 -31"><span class='ocrx_word' id='word_1_123' title='bbox 569 2615 841 2689; x_wconf 80' lang='lat' dir='ltr'>Eclthclianma</span> <span class='ocrx_word' id='word_1_124' title='bbox 875 2615 1003 2713; x_wconf 89' lang='lat' dir='ltr'>itaque</span> <span class='ocrx_word' id='word_1_125' title='bbox 1039 2631 1199 2714; x_wconf 84' lang='lat' dir='ltr'>systema</span> <span class='ocrx_word' id='word_1_126' title='bbox 1233 2613 1400 2688; x_wconf 82' lang='lat' dir='ltr'>ordinem</span> <span class='ocrx_word' id='word_1_127' title='bbox 1435 2614 1722 2715; x_wconf 84' lang='lat' dir='ltr'>geographicnm</span> <span class='ocrx_word' id='word_1_128' title='bbox 1758 2615 2029 2718; x_wconf 81' lang='lat' dir='ltr'>chronologico</span> 
     </span>
     <span class='ocr_line' id='line_1_17' title="bbox 473 2747 2030 2849; baseline 0.004 -31"><span class='ocrx_word' id='word_1_129' title='bbox 473 2749 665 2846; x_wconf 80' lang='lat' dir='ltr'>jurgitet</span> <span class='ocrx_word' id='word_1_130' title='bbox 694 2775 773 2820; x_wconf 90' lang='lat' dir='ltr'>non</span> <span class='ocrx_word' id='word_1_131' title='bbox 798 2765 941 2821; x_wconf 89' lang='lat' dir='ltr'>tantum</span> <span class='ocrx_word' id='word_1_132' title='bbox 966 2750 1083 2849; x_wconf 90' lang='lat' dir='ltr'>ipsam</span> <span class='ocrx_word' id='word_1_133' title='bbox 1118 2747 1308 2823; x_wconf 90' lang='lat' dir='ltr'>scientiam</span> <span class='ocrx_word' id='word_1_134' title='bbox 1341 2747 1628 2824; x_wconf 88' lang='lat' dir='ltr'>numismaticam</span> <span class='ocrx_word' id='word_1_135' title='bbox 1658 2768 1878 2849; x_wconf 84' lang='lat' dir='ltr'>promovet,¹</span> <span class='ocrx_word' id='word_1_136' title='bbox 1896 2751 1962 2826; x_wconf 89' lang='lat' dir='ltr'>sed</span> <span class='ocrx_word' id='word_1_137' title='bbox 1990 2769 2030 2825; x_wconf 91' lang='lat' dir='ltr'>et</span> 
     </span>
     <span class='ocr_line' id='line_1_18' title="bbox 467 2880 2030 2982; baseline 0.005 -30"><span class='ocrx_word' id='word_1_138' title='bbox 467 2881 645 2956; x_wconf 88' lang='lat' dir='ltr'>historiae</span> <span class='ocrx_word' id='word_1_139' title='bbox 663 2883 859 2982; x_wconf 89' lang='lat' dir='ltr'>plurimum</span> <span class='ocrx_word' id='word_1_140' title='bbox 881 2880 1028 2955; x_wconf 88' lang='lat' dir='ltr'>luminis</span> <span class='ocrx_word' id='word_1_141' title='bbox 1052 2881 1185 2956; x_wconf 84' lang='lat' dir='ltr'>adfert.</span> <span class='ocrx_word' id='word_1_142' title='bbox 1239 2881 1282 2955; x_wconf 85' lang='lat' dir='ltr'>si</span> <span class='ocrx_word' id='word_1_143' title='bbox 1304 2881 1403 2954; x_wconf 89' lang='lat' dir='ltr'>enim</span> <span class='ocrx_word' id='word_1_144' title='bbox 1421 2907 1553 2956; x_wconf 90' lang='lat' dir='ltr'>numos</span> <span class='ocrx_word' id='word_1_145' title='bbox 1585 2882 1649 2956; x_wconf 90' lang='lat' dir='ltr'>tali</span> <span class='ocrx_word' id='word_1_146' title='bbox 1667 2883 1798 2958; x_wconf 85' lang='lat' dir='ltr'>ordine</span> <span class='ocrx_word' id='word_1_147' title='bbox 1817 2885 2030 2961; x_wconf 87' lang='lat' dir='ltr'>distributas</span> 
     </span>
     <span class='ocr_line' id='line_1_19' title="bbox 465 3015 2027 3122; baseline 0.004 -36"><span class='ocrx_word' id='word_1_148' title='bbox 465 3015 556 3116; x_wconf 79' lang='lat' dir='ltr'>&#39;prae</span> <span class='ocrx_word' id='word_1_149' title='bbox 575 3015 691 3091; x_wconf 89' lang='lat' dir='ltr'>oculis</span> <span class='ocrx_word' id='word_1_150' title='bbox 715 3015 873 3106; x_wconf 87' lang='lat' dir='ltr'>habeas,</span> <span class='ocrx_word' id='word_1_151' title='bbox 898 3015 1008 3090; x_wconf 87' lang='lat' dir='ltr'>facila</span> <span class='ocrx_word' id='word_1_152' title='bbox 1031 3015 1093 3105; x_wconf 86' lang='lat' dir='ltr'>lit,</span> <span class='ocrx_word' id='word_1_153' title='bbox 1134 3033 1176 3088; x_wconf 91' lang='lat' dir='ltr'>ut</span> <span class='ocrx_word' id='word_1_154' title='bbox 1200 3039 1245 3090; x_wconf 86' lang='lat' dir='ltr'>cx</span> <span class='ocrx_word' id='word_1_155' title='bbox 1267 3039 1393 3088; x_wconf 89' lang='lat' dir='ltr'>eornm</span> <span class='ocrx_word' id='word_1_156' title='bbox 1421 3017 1517 3090; x_wconf 88' lang='lat' dir='ltr'>serie</span> <span class='ocrx_word' id='word_1_157' title='bbox 1538 3019 1721 3116; x_wconf 88' lang='lat' dir='ltr'>cujusque</span> <span class='ocrx_word' id='word_1_158' title='bbox 1751 3018 1859 3118; x_wconf 82' lang='lat' dir='ltr'>regni</span> <span class='ocrx_word' id='word_1_159' title='bbox 1879 3021 2027 3122; x_wconf 83' lang='lat' dir='ltr'>protin-</span> 
     </span>
     <span class='ocr_line' id='line_1_20' title="bbox 467 3147 2029 3250; baseline 0.003 -26"><span class='ocrx_word' id='word_1_160' title='bbox 467 3147 544 3224; x_wconf 90' lang='lat' dir='ltr'>eias</span> <span class='ocrx_word' id='word_1_161' title='bbox 574 3168 612 3223; x_wconf 92' lang='lat' dir='ltr'>et</span> <span class='ocrx_word' id='word_1_162' title='bbox 642 3151 754 3224; x_wconf 87' lang='lat' dir='ltr'>nrbes</span> <span class='ocrx_word' id='word_1_163' title='bbox 783 3175 1010 3250; x_wconf 82' lang='lat' dir='ltr'>cognoscas,</span> <span class='ocrx_word' id='word_1_164' title='bbox 1042 3149 1313 3248; x_wconf 86' lang='lat' dir='ltr'>successionem</span> <span class='ocrx_word' id='word_1_165' title='bbox 1344 3149 1553 3249; x_wconf 88' lang='lat' dir='ltr'>principum</span> <span class='ocrx_word' id='word_1_166' title='bbox 1586 3150 1798 3242; x_wconf 87' lang='lat' dir='ltr'>edocearis,</span> <span class='ocrx_word' id='word_1_167' title='bbox 1838 3169 1879 3226; x_wconf 91' lang='lat' dir='ltr'>et</span> <span class='ocrx_word' id='word_1_168' title='bbox 1906 3152 2029 3228; x_wconf 85' lang='lat' dir='ltr'>varios</span> 
     </span>
     <span class='ocr_line' id='line_1_21' title="bbox 468 3283 2028 3388; baseline 0.002 -31"><span class='ocrx_word' id='word_1_169' title='bbox 468 3286 662 3360; x_wconf 87' lang='lat' dir='ltr'>idiomatis</span> <span class='ocrx_word' id='word_1_170' title='bbox 690 3285 813 3360; x_wconf 86' lang='lat' dir='ltr'>usitati</span> <span class='ocrx_word' id='word_1_171' title='bbox 840 3285 1070 3360; x_wconf 85' lang='lat' dir='ltr'>characteres</span> <span class='ocrx_word' id='word_1_172' title='bbox 1092 3283 1383 3383; x_wconf 89' lang='lat' dir='ltr'>comprehendas</span> <span class='ocrx_word' id='word_1_173' title='bbox 1391 3311 1404 3378; x_wconf 81' lang='lat'>3</span> <span class='ocrx_word' id='word_1_174' title='bbox 1428 3307 1541 3384; x_wconf 88' lang='lat' dir='ltr'>porro</span> <span class='ocrx_word' id='word_1_175' title='bbox 1565 3309 1610 3358; x_wconf 84' lang='lat' dir='ltr'>er</span> <span class='ocrx_word' id='word_1_176' title='bbox 1638 3286 1830 3386; x_wconf 89' lang='lat' dir='ltr'>opulentia</span> <span class='ocrx_word' id='word_1_177' title='bbox 1857 3287 2028 3388; x_wconf 81' lang='lat' dir='ltr'>indigen·</span> 
     </span>
    </p>
   </div>
   <div class='ocr_carea' id='block_1_3' title="bbox 466 3417 2027 3521">
    <p class='ocr_par' dir='ltr' id='par_1_5' title="bbox 466 3417 2027 3521">
     <span class='ocr_line' id='line_1_22' title="bbox 466 3417 2027 3521; baseline 0.001 -27"><span class='ocrx_word' id='word_1_178' title='bbox 466 3421 563 3494; x_wconf 85' lang='lat' dir='ltr'>tiave</span> <span class='ocrx_word' id='word_1_179' title='bbox 590 3421 821 3494; x_wconf 89' lang='lat' dir='ltr'>metallorum</span> <span class='ocrx_word' id='word_1_180' title='bbox 854 3420 1123 3520; x_wconf 87' lang='lat' dir='ltr'>prosperiorem</span> <span class='ocrx_word' id='word_1_181' title='bbox 1144 3417 1416 3492; x_wconf 82' lang='lat' dir='ltr'>miserioremse</span> <span class='ocrx_word' id='word_1_182' title='bbox 1433 3420 1654 3518; x_wconf 88' lang='lat' dir='ltr'>populorum</span> <span class='ocrx_word' id='word_1_183' title='bbox 1673 3439 1804 3494; x_wconf 89' lang='lat' dir='ltr'>statum</span> <span class='ocrx_word' id='word_1_184' title='bbox 1821 3420 2005 3521; x_wconf 86' lang='lat' dir='ltr'>intelligas</span> <span class='ocrx_word' id='word_1_185' title='bbox 2015 3455 2027 3516; x_wconf 80' lang='lat'>3</span> 
     </span>
    </p>
   </div>
   <div class='ocr_carea' id='block_1_4' title="bbox 462 3537 2028 5007">
    <p class='ocr_par' dir='ltr' id='par_1_6' title="bbox 465 3537 2028 4059">
     <span class='ocr_line' id='line_1_23' title="bbox 465 3537 2026 3656; baseline 0 -26"><span class='ocrx_word' id='word_1_186' title='bbox 465 3581 512 3630; x_wconf 85' lang='lat' dir='ltr'>ex</span> <span class='ocrx_word' id='word_1_187' title='bbox 539 3580 734 3630; x_wconf 85' lang='lat' dir='ltr'>numerum</span> <span class='ocrx_word' id='word_1_188' title='bbox 762 3537 990 3630; x_wconf 84' lang='lat' dir='ltr'>formositate</span> <span class='ocrx_word' id='word_1_189' title='bbox 1024 3555 1081 3629; x_wconf 82' lang='lat' dir='ltr'>tel</span> <span class='ocrx_word' id='word_1_190' title='bbox 1109 3554 1345 3628; x_wconf 85' lang='lat' dir='ltr'>deformitate</span> <span class='ocrx_word' id='word_1_191' title='bbox 1369 3553 1500 3624; x_wconf 89' lang='lat' dir='ltr'>artium</span> <span class='ocrx_word' id='word_1_192' title='bbox 1521 3556 1767 3645; x_wconf 87' lang='lat' dir='ltr'>nascentiam,</span> <span class='ocrx_word' id='word_1_193' title='bbox 1790 3579 2026 3656; x_wconf 81' lang='lat' dir='ltr'>progressum</span> 
     </span>
     <span class='ocr_line' id='line_1_24' title="bbox 466 3687 2028 3791; baseline 0.001 -29"><span class='ocrx_word' id='word_1_194' title='bbox 466 3706 505 3762; x_wconf 86' lang='lat' dir='ltr'>ct</span> <span class='ocrx_word' id='word_1_195' title='bbox 536 3688 677 3791; x_wconf 87' lang='lat' dir='ltr'>lapsum</span> <span class='ocrx_word' id='word_1_196' title='bbox 703 3689 883 3790; x_wconf 81' lang='lat' dir='ltr'>colligas3</span> <span class='ocrx_word' id='word_1_197' title='bbox 920 3689 1083 3788; x_wconf 85' lang='lat' dir='ltr'>denique</span> <span class='ocrx_word' id='word_1_198' title='bbox 1115 3713 1161 3762; x_wconf 79' lang='lat' dir='ltr'>ex</span> <span class='ocrx_word' id='word_1_199' title='bbox 1189 3687 1493 3788; x_wconf 86' lang='lat' dir='ltr'>inscriptionibus</span> <span class='ocrx_word' id='word_1_200' title='bbox 1514 3689 1787 3787; x_wconf 83' lang='lat' dir='ltr'>magistratuum</span> <span class='ocrx_word' id='word_1_201' title='bbox 1812 3691 1959 3782; x_wconf 85' lang='lat' dir='ltr'>titulos,</span> <span class='ocrx_word' id='word_1_202' title='bbox 1985 3693 2028 3765; x_wconf 88' lang='lat' dir='ltr'>il·</span> 
     </span>
     <span class='ocr_line' id='line_1_25' title="bbox 465 3823 2026 3923; baseline 0.003 -28"><span class='ocrx_word' id='word_1_203' title='bbox 465 3825 599 3898; x_wconf 88' lang='lat' dir='ltr'>lustres</span> <span class='ocrx_word' id='word_1_204' title='bbox 623 3825 738 3913; x_wconf 85' lang='lat' dir='ltr'>viros,</span> <span class='ocrx_word' id='word_1_205' title='bbox 764 3825 879 3912; x_wconf 87' lang='lat' dir='ltr'>ritus,</span> <span class='ocrx_word' id='word_1_206' title='bbox 917 3824 1024 3896; x_wconf 91' lang='lat' dir='ltr'>ludos</span> <span class='ocrx_word' id='word_1_207' title='bbox 1048 3823 1240 3922; x_wconf 89' lang='lat' dir='ltr'>publicos,</span> <span class='ocrx_word' id='word_1_208' title='bbox 1265 3823 1345 3896; x_wconf 89' lang='lat' dir='ltr'>dies</span> <span class='ocrx_word' id='word_1_209' title='bbox 1367 3823 1483 3896; x_wconf 86' lang='lat' dir='ltr'>festos</span> <span class='ocrx_word' id='word_1_210' title='bbox 1503 3823 1679 3923; x_wconf 88' lang='lat' dir='ltr'>Deosque</span> <span class='ocrx_word' id='word_1_211' title='bbox 1701 3843 1739 3900; x_wconf 91' lang='lat' dir='ltr'>et</span> <span class='ocrx_word' id='word_1_212' title='bbox 1757 3845 1929 3900; x_wconf 79' lang='lat' dir='ltr'>sexcenta</span> <span class='ocrx_word' id='word_1_213' title='bbox 1946 3827 2026 3916; x_wconf 86' lang='lat' dir='ltr'>alia,</span> 
     </span>
     <span class='ocr_line' id='line_1_26' title="bbox 465 3953 1786 4059; baseline 0.005 -31"><span class='ocrx_word' id='word_1_214' title='bbox 465 3983 562 4056; x_wconf 86' lang='lat' dir='ltr'>qnae</span> <span class='ocrx_word' id='word_1_215' title='bbox 604 3959 650 4032; x_wconf 89' lang='lat' dir='ltr'>ad</span> <span class='ocrx_word' id='word_1_216' title='bbox 668 3959 873 4059; x_wconf 86' lang='lat' dir='ltr'>perlectam</span> <span class='ocrx_word' id='word_1_217' title='bbox 893 3953 1067 4031; x_wconf 88' lang='lat' dir='ltr'>historiae</span> <span class='ocrx_word' id='word_1_218' title='bbox 1088 3957 1337 4056; x_wconf 84' lang='lat' dir='ltr'>cognitionem</span> <span class='ocrx_word' id='word_1_219' title='bbox 1356 3957 1518 4046; x_wconf 81' lang='lat' dir='ltr'>faciunt,</span> <span class='ocrx_word' id='word_1_220' title='bbox 1542 3959 1755 4058; x_wconf 86' lang='lat' dir='ltr'>perspicias.</span> <span class='ocrx_word' id='word_1_221' title='bbox 1783 3991 1786 4000; x_wconf 65' lang='grc'>’</span> 
     </span>
    </p>

    <p class='ocr_par' dir='ltr' id='par_1_7' title="bbox 462 4090 2028 4734">
     <span class='ocr_line' id='line_1_27' title="bbox 527 4090 2024 4192; baseline 0.007 -30"><span class='ocrx_word' id='word_1_222' title='bbox 527 4154 529 4162; x_wconf 81' lang='grc'>,</span> <span class='ocrx_word' id='word_1_223' title='bbox 573 4093 687 4166; x_wconf 89' lang='lat' dir='ltr'>Hisce</span> <span class='ocrx_word' id='word_1_224' title='bbox 707 4093 898 4192; x_wconf 89' lang='lat' dir='ltr'>principiis</span> <span class='ocrx_word' id='word_1_225' title='bbox 920 4091 1062 4168; x_wconf 84' lang='lat' dir='ltr'>Ecltbcl</span> <span class='ocrx_word' id='word_1_226' title='bbox 1083 4093 1123 4165; x_wconf 91' lang='lat' dir='ltr'>in</span> <span class='ocrx_word' id='word_1_227' title='bbox 1146 4090 1407 4166; x_wconf 88' lang='lat' dir='ltr'>distribuendis</span> <span class='ocrx_word' id='word_1_228' title='bbox 1434 4117 1521 4165; x_wconf 88' lang='lat' dir='ltr'>osus</span> <span class='ocrx_word' id='word_1_229' title='bbox 1551 4109 1609 4166; x_wconf 91' lang='lat' dir='ltr'>est</span> <span class='ocrx_word' id='word_1_230' title='bbox 1626 4095 1746 4170; x_wconf 84' lang='lat' dir='ltr'>numia</span> <span class='ocrx_word' id='word_1_231' title='bbox 1766 4097 2024 4186; x_wconf 83' lang='lat' dir='ltr'>anecdotis,</span> 
     </span>
     <span class='ocr_line' id='line_1_28' title="bbox 465 4224 2028 4327; baseline 0.004 -28"><span class='ocrx_word' id='word_1_232' title='bbox 465 4251 562 4327; x_wconf 89' lang='lat' dir='ltr'>qnos</span> <span class='ocrx_word' id='word_1_233' title='bbox 583 4228 642 4304; x_wconf 79' lang='lat' dir='ltr'>vel</span> <span class='ocrx_word' id='word_1_234' title='bbox 664 4227 704 4299; x_wconf 92' lang='lat' dir='ltr'>in</span> <span class='ocrx_word' id='word_1_235' title='bbox 723 4226 1002 4304; x_wconf 81' lang='lat' dir='ltr'>Italiaallluseis</span> <span class='ocrx_word' id='word_1_236' title='bbox 1028 4231 1276 4314; x_wconf 86' lang='lat' dir='ltr'>adnotaverat,</span> <span class='ocrx_word' id='word_1_237' title='bbox 1302 4224 1362 4300; x_wconf 88' lang='lat' dir='ltr'>vel</span> <span class='ocrx_word' id='word_1_238' title='bbox 1387 4225 1426 4296; x_wconf 94' lang='lat' dir='ltr'>in</span> <span class='ocrx_word' id='word_1_239' title='bbox 1436 4227 1567 4302; x_wconf 88' lang='lat' dir='ltr'>Museo</span> <span class='ocrx_word' id='word_1_240' title='bbox 1577 4229 1789 4306; x_wconf 83' lang='lat' dir='ltr'>Viennensi</span> <span class='ocrx_word' id='word_1_241' title='bbox 1802 4229 1986 4306; x_wconf 80' lang='lat' dir='ltr'>Caesmea</span> <span class='ocrx_word' id='word_1_242' title='bbox 2005 4257 2028 4306; x_wconf 91' lang='lat' dir='ltr'>a</span> 
     </span>
     <span class='ocr_line' id='line_1_29' title="bbox 462 4359 2025 4454; baseline 0.003 -20"><span class='ocrx_word' id='word_1_243' title='bbox 462 4363 650 4439; x_wconf 88' lang='lat' dir='ltr'>lamerai</span> <span class='ocrx_word' id='word_1_244' title='bbox 670 4362 835 4453; x_wconf 80' lang='lat' dir='ltr'>Dusal,</span> <span class='ocrx_word' id='word_1_245' title='bbox 862 4363 1078 4436; x_wconf 84' lang='lat' dir='ltr'>Frohlich</span> <span class='ocrx_word' id='word_1_246' title='bbox 1105 4379 1142 4436; x_wconf 90' lang='lat' dir='ltr'>et</span> <span class='ocrx_word' id='word_1_247' title='bbox 1160 4359 1306 4451; x_wconf 83' lang='lat' dir='ltr'>tthett,</span> <span class='ocrx_word' id='word_1_248' title='bbox 1331 4361 1631 4438; x_wconf 79' lang='lat' dir='ltr'>antecessoribus</span> <span class='ocrx_word' id='word_1_249' title='bbox 1662 4364 1750 4454; x_wconf 90' lang='lat' dir='ltr'>suis,</span> <span class='ocrx_word' id='word_1_250' title='bbox 1772 4363 2025 4441; x_wconf 88' lang='lat' dir='ltr'>nendumedi-</span> 
     </span>
     <span class='ocr_line' id='line_1_30' title="bbox 462 4493 2024 4601; baseline 0.002 -29"><span class='ocrx_word' id='word_1_251' title='bbox 462 4515 522 4572; x_wconf 90' lang='lat' dir='ltr'>tos</span> <span class='ocrx_word' id='word_1_252' title='bbox 544 4499 857 4601; x_wconf 87' lang='lat' dir='ltr'>deprehenderat,</span> <span class='ocrx_word' id='word_1_253' title='bbox 892 4515 1003 4597; x_wconf 87' lang='lat' dir='ltr'>atque</span> <span class='ocrx_word' id='word_1_254' title='bbox 1022 4493 1224 4572; x_wconf 87' lang='lat' dir='ltr'>secundnm</span> <span class='ocrx_word' id='word_1_255' title='bbox 1241 4511 1404 4595; x_wconf 86' lang='lat' dir='ltr'>systema</span> <span class='ocrx_word' id='word_1_256' title='bbox 1422 4523 1527 4572; x_wconf 88' lang='lat' dir='ltr'>snum</span> <span class='ocrx_word' id='word_1_257' title='bbox 1555 4499 1596 4570; x_wconf 89' lang='lat' dir='ltr'>in</span> <span class='ocrx_word' id='word_1_258' title='bbox 1621 4497 1758 4574; x_wconf 87' lang='lat' dir='ltr'>classes</span> <span class='ocrx_word' id='word_1_259' title='bbox 1786 4499 1960 4576; x_wconf 82' lang='lat' dir='ltr'>redactos</span> <span class='ocrx_word' id='word_1_260' title='bbox 1987 4517 2024 4576; x_wconf 93' lang='lat' dir='ltr'>st</span> 
     </span>
     <span class='ocr_line' id='line_1_31' title="bbox 465 4631 1999 4734; baseline 0.003 -30"><span class='ocrx_word' id='word_1_261' title='bbox 465 4652 522 4723; x_wconf 85' lang='lat' dir='ltr'>ea,</span> <span class='ocrx_word' id='word_1_262' title='bbox 551 4659 624 4733; x_wconf 89' lang='lat' dir='ltr'>qna</span> <span class='ocrx_word' id='word_1_263' title='bbox 644 4635 803 4725; x_wconf 87' lang='lat' dir='ltr'>solebat,</span> <span class='ocrx_word' id='word_1_264' title='bbox 828 4631 1059 4734; x_wconf 87' lang='lat' dir='ltr'>praecisione</span> <span class='ocrx_word' id='word_1_265' title='bbox 1091 4631 1356 4733; x_wconf 80' lang='lat' dir='ltr'>diligentiaque</span> <span class='ocrx_word' id='word_1_266' title='bbox 1378 4633 1595 4734; x_wconf 88' lang='lat' dir='ltr'>descriptos,</span> <span class='ocrx_word' id='word_1_267' title='bbox 1615 4634 1720 4733; x_wconf 91' lang='lat' dir='ltr'>operi</span> <span class='ocrx_word' id='word_1_268' title='bbox 1743 4661 1811 4708; x_wconf 87' lang='lat' dir='ltr'>suo</span> <span class='ocrx_word' id='word_1_269' title='bbox 1833 4639 1999 4710; x_wconf 84' lang='lat' dir='ltr'>inseruit.</span> 
     </span>
    </p>

    <p class='ocr_par' dir='ltr' id='par_1_8' title="bbox 464 4765 2021 5007">
     <span class='ocr_line' id='line_1_32' title="bbox 564 4765 2021 4874; baseline 0.001 -31"><span class='ocrx_word' id='word_1_270' title='bbox 564 4769 673 4868; x_wconf 86' lang='lat' dir='ltr'>Quod</span> <span class='ocrx_word' id='word_1_271' title='bbox 689 4791 789 4872; x_wconf 75' lang='lat' dir='ltr'>‘opus</span> <span class='ocrx_word' id='word_1_272' title='bbox 811 4769 964 4842; x_wconf 87' lang='lat' dir='ltr'>divisum</span> <span class='ocrx_word' id='word_1_273' title='bbox 988 4765 1104 4842; x_wconf 90' lang='lat' dir='ltr'>estin</span> <span class='ocrx_word' id='word_1_274' title='bbox 1126 4785 1251 4868; x_wconf 87' lang='lat' dir='ltr'>partes</span> <span class='ocrx_word' id='word_1_275' title='bbox 1275 4768 1389 4860; x_wconf 89' lang='lat' dir='ltr'>duas,</span> <span class='ocrx_word' id='word_1_276' title='bbox 1411 4795 1566 4869; x_wconf 90' lang='lat' dir='ltr'>quarum</span> <span class='ocrx_word' id='word_1_277' title='bbox 1583 4769 1685 4870; x_wconf 90' lang='lat' dir='ltr'>prior</span> <span class='ocrx_word' id='word_1_278' title='bbox 1710 4791 1857 4869; x_wconf 85' lang='lat' dir='ltr'>practer</span> <span class='ocrx_word' id='word_1_279' title='bbox 1878 4773 2021 4874; x_wconf 85' lang='lat' dir='ltr'>praefa-</span> 
     </span>
     <span class='ocr_line' id='line_1_33' title="bbox 464 4902 2021 5007; baseline 0.004 -32"><span class='ocrx_word' id='word_1_280' title='bbox 464 4902 630 5000; x_wconf 84' lang='lat' dir='ltr'>tionem,</span> <span class='ocrx_word' id='word_1_281' title='bbox 655 4929 730 5006; x_wconf 88' lang='lat' dir='ltr'>qua</span> <span class='ocrx_word' id='word_1_282' title='bbox 752 4903 1010 4982; x_wconf 87' lang='lat' dir='ltr'>numismatiea</span> <span class='ocrx_word' id='word_1_283' title='bbox 1028 4920 1157 4982; x_wconf 86' lang='lat' dir='ltr'>auctor</span> <span class='ocrx_word' id='word_1_284' title='bbox 1179 4913 1246 4979; x_wconf 88' lang='lat' dir='ltr'>sua</span> <span class='ocrx_word' id='word_1_285' title='bbox 1262 4903 1379 4980; x_wconf 82' lang='lat' dir='ltr'>refert</span> <span class='ocrx_word' id='word_1_286' title='bbox 1398 4903 1528 4981; x_wconf 90' lang='lat' dir='ltr'>itinera</span> <span class='ocrx_word' id='word_1_287' title='bbox 1541 4955 1552 4994; x_wconf 88' lang='lat'>,</span> <span class='ocrx_word' id='word_1_288' title='bbox 1579 4905 1867 5007; x_wconf 85' lang='lat' dir='ltr'>descriptionem</span> <span class='ocrx_word' id='word_1_289' title='bbox 1893 4931 2021 4981; x_wconf 88' lang='lat' dir='ltr'>numo·</span> 
     </span>
    </p>
   </div>
   <div class='ocr_carea' id='block_1_5' title="bbox 0 0 2206 5564">
    <p class='ocr_par' dir='ltr' id='par_1_9' title="bbox 0 0 2206 5564">
     <span class='ocr_line' id='line_1_34' title="bbox 0 0 2206 5564; baseline 0 6"><span class='ocrx_word' id='word_1_290' title='bbox 0 0 2206 5564; x_wconf 95' lang='lat' dir='ltr'> </span> 
     </span>
    </p>
   </div>
  </div>
 </body>
</html>
