4482 5560
462 435 534 518 ‚362
955 471 959 480 ·
1087 415 1296 500 CAPVT
1328 415 1372 496 V.

452 621 608 683 Romana
637 589 728 675 nudo
761 607 867 694 capite
901 605 996 670 inere
1032 609 1204 695 propositi,
1262 604 1357 668 feriri
1380 602 1491 690 jussit,
1521 603 1611 691 tptod
1635 605 1761 674 deiude
1783 608 2013 684 institutuma

459 719 620 804 permissa
648 729 757 778 tamen
788 713 893 775 serius
919 731 1040 776 corona
1070 711 1203 787 radiata,
1263 710 1420 790 proximis
1453 709 1699 775 succentoribus
1732 713 1794 776 tait
1830 732 2008 796 retentum.

458 839 622 904 nunquam
640 818 761 878 laurea.
786 812 853 874 Sed
870 826 909 874 et·
920 813 1031 874 laurea
1048 813 1204 875 aliorsum
1262 809 1376 874 Serius
1399 811 1468 894 ejus
1492 834 1568 874 nsua
1591 813 1698 875 tarius
1720 811 1800 891 fuit,
1824 837 1861 881 ac
1878 815 2009 904 pertus.

460 923 578 985 summi
594 899 715 1001 lastigii
732 918 858 998 insigne
874 914 933 975 fuit
949 913 1102 976 habitum.
1124 914 1204 974 Nar·
1253 909 1371 986 butus,
1392 933 1490 993 quem
1517 915 1660 976 curatius
1684 916 1859 982 enucleare
1884 943 2007 1008 operae

455 1039 549 1088 rante
566 1021 759 1084 Herodiano
773 1021 802 1098 ⁸)
824 1016 956 1078 intranti
972 1015 1201 1098 Carthaginem
1256 1015 1400 1096 pretium
1419 1035 1487 1075 -non
1508 1029 1663 1097 puto,·et
1685 1024 1760 1082 oum
1781 1039 1918 1088 necesse
1944 1042 2005 1104 est,

454 1124 635 1196 Gordiano,
653 1139 749 1204 mem
764 1098 995 1199 proconsulem
1012 1139 1104 1178 suum
1117 1119 1202 1180 Afri·
1257 1128 1352 1199 potes
1365 1114 1404 1176 ab
1419 1115 1496 1198 ipsis
1509 1115 1742 1198 imperatorum
1756 1127 1868 1208 numia
1876 1140 2005 1210 petere.

454 1227 527 1292 catti
557 1224 634 1286 odio
665 1220 841 1282 Maximini·
861 1221 1053 1300 Augustum·
1073 1219 1199 1295 dixere,
1253 1219 1345 1279 Cum·
1370 1217 1429 1292 iis,
1467 1219 1522 1302 qui
1554 1222 1711 1284 Caesares
1742 1235 1862 1288 tantum
1893 1229 2002 1311 fuere,

453 1325 524 1392 aissa
538 1318 645 1406 lutilos
662 1315 879 1400 iluptnpoett,
900 1319 971 1399 inse
986 1315 1037 1408 ἔρ
1055 1324 1201 1404 nuptiator
1258 1317 1313 1377 diu
1336 1331 1450 1399 negata
1476 1333 1563 1382 esset
1585 1321 1714 1399 laurea,
1749 1337 1858 1393 tamen
1880 1331 1958 1396 inde
1980 1354 2003 1414 ,a

454 1427 501 1502 irc
527 1450 562 1488 ro
592 1417 757 1509 despuetur
786 1445 843 1496 τας
872 1426 1034 1496 {inurbanae
1061 1419 1119 1484 cino
1140 1441 1197 1502 runt
1255 1418 1516 1484 Diadumeniano
1541 1443 1662 1486 corono
1681 1424 1803 1490 radiate
1826 1435 1938 1516 coepit
1957 1435 2002 1496 itt·

453 1524 624 1604 licuerant,
642 1529 753 1608 fasces
772 1527 913 1586 laureati
929 1529 1128 1605 praegustati
1144 1527 1199 1603 stt·
1255 1520 1396 1604 dulgeri.
1440 1525 1561 1588 Contra
1580 1526 1769 1627 Domitiano
1791 1529 1898 1612 adbuc
1923 1538 2002 1602 Cae.

448 1635 521 1706 ¹ortt,
543 1633 631 1713 quod
641 1628 889 1705 insinuaturam
903 1627 1009 1701 rspice
1024 1631 1198 1702 ominati·
1254 1627 1319 1683 sari
1341 1625 1432 1687 numi
1457 1627 1639 1714 langiuutnn
1663 1647 1815 1692 ceronam
1833 1633 2000 1717 lauream,

451 1731 615 1796 discernit.
658 1725 739 1787 Inde
765 1744 784 1785 a
807 1720 1014 1784 Diocletiano
1038 1723 1196 1804 conlegae
1253 1723 1408 1786 radiatam
1428 1730 1941 1813 nunquam,etsi'1‘itusfrater,
1966 1755 2000 1804 et

450 1833 608 1898 Caesares
629 1845 743 1888 omnes
762 1838 874 1886 contra
889 1843 1016 1884 morem
1035 1824 1195 1904 exlongo
1253 1824 1359 1889 adbuc
1380 1827 1516 1903 Caesar,
1540 1843 1710 1914 utramque
1732 1837 1919 1915 promiscue
1943 1861 1999 1923 ge·

449 1935 641 2014 receptioni,
670 1928 814 1990 laureum
838 1925 1032 2000 induerunt,
1054 1937 1090 1986 ut
1110 1926 1195 1987 Con-
1253 1940 1327 1990 stet.
1377 1929 1541 1991 Cononem
1571 1929 1724 1997 radiatum
1757 1937 1859 2001 fuisse
1890 1944 1997 2008 serius

451 2033 586 2098 stantius
603 2029 763 2106 Chlorus,
785 2027 857 2092 Gal.
874 2026 1104 2102 Maximianus,
1127 2032 1195 2090 Ma·
1252 2023 1364 2091 laurea
1401 2031 1569 2106 viliorem,
1606 2051 1834 2117 argumentum
1870 2057 1996 2110 certum

447 2136 606 2208 ximinus,
636 2133 687 2194 Fl.
711 2133 873 2204 Severus,
901 2129 1129 2192 Constantinus
1147 2133 1194 2192 Μ.
1252 2147 1302 2193 est
1317 2153 1436 2193 numus
1453 2147 1644 2216 argenteus,
1667 2139 1723 2220 qui
1743 2139 1877 2202 exbibet
1893 2145 1996 2226 cupita

449 2241 486 2301 ln
511 2257 604 2300 causa
624 2233 743 2307 inerit,
767 2231 854 2316 quod
872 2251 945 2294 suas
964 2232 1101 2315 quisquo
1119 2253 1194 2316 pm.

324 2381 330 2394 ·
446 2339 568 2403 vincies
591 2338 689 2420 plena
715 2334 787 2398 iere
814 2325 887 2396 c'ttm
911 2346 1072 2417 potestate
1095 2337 1194 2400 rexit.

446 2443 575 2505 Horum
608 2438 727 2500 deinde
761 2438 949 2517 exemplum
984 2439 1193 2500 secunaum

449 2544 608 2605 Caesares
640 2541 792 2620 Crispus,
833 2538 1015 2600 Delmatius
1046 2553 1080 2602 et
1109 2541 1193 2602 Con-

448 2643 579 2706 stantini
597 2643 643 2702 tt.
667 2641 737 2700 filii.
780 2642 822 2701 At
837 2639 1104 2702 Hanniballiunua
1120 2661 1191 2719 rex,

443 2742 647 2818 Deucalion,
669 2741 874 2803 Constantius
897 2741 1026 2815 Gallus,
1050 2743 1191 2806 lulianus

446 2849 621 2917 Caesarea,
645 2843 718 2928 quia
743 2842 984 2926 despectiores,
1007 2845 1094 2906 nudo
1116 2859 1191 2907 sunt

447 2949 563 3034 capite.
605 2947 686 3009 Post
700 2945 902 3009 Constantini
915 2949 960 3010 M.
978 2946 1062 3032 lilios
1079 2949 1190 3010 laurea

397 3085 401 3098 ·
444 3051 572 3136 negligi
594 3063 728 3132 coepta,
750 3050 923 3134 potiorque
945 3047 1006 3113 fuit
1029 3047 1191 3113 diadema·

1250 2233 1380 2294 Balbini
1403 2247 1442 2298 et
1461 2235 1601 2321 Pupieni
1627 2237 1751 2320 dagg,
1783 2256 1817 2305 et
1839 2242 1996 2312 Gordiani

1250 2337 1415 2412 Caesaris,
1455 2337 1608 2402 laurealis
1636 2341 1722 2416 illis,
1763 2342 1828 2408 hoc
1860 2347 1994 2412 radiato.

1250 2437 1364 2498 Fuisse
1388 2457 1543 2502 coronam
1566 2441 1719 2506 radiatam
1745 2443 1841 2508 etiam
1867 2451 1994 2533 signum

1250 2542 1523 2630 consecrationis,
1561 2542 1689 2606 dicetur
1718 2547 1752 2606 ln
1783 2559 1922 2630 tractatu
1952 2554 1995 2620 de

1248 2641 1355 2701 numia
1378 2646 1672 2710 consecrationum.

1311 2743 1487 2821 Diademu,
1518 2749 1631 2831 capitis
1660 2762 1883 2814 ornamentum
1914 2753 1994 2816 enti·

1247 2863 1331 2930 qnae
1362 2849 1542 2948 prosapiae.
1585 2849 1681 2912 Mitto
1718 2848 1882 2930 fabulosa,
1920 2855 1991 2936 ejus

1246 2949 1452 3012 inventorem
1488 2949 1588 3012 inisse
1609 2951 1791 3014 ·Bttccbnnt
1813 2949 1858 3035 b).
1902 2956 1992 3018 Istud

1247 3065 1390 3128 certum,
1422 3073 1463 3114 eo
1492 3053 1583 3116 velut
1603 3053 1752 3138 principe
1776 3055 1869 3136 sigeo
1892 3077 1990 3140 reges

445 3154 487 3218 tis
509 3173 605 3229 usus,
630 3151 672 3214 de
695 3141 759 3235 qu‘o
782 3171 867 3214 mox.
1204 3157 1211 3170 ⁴
1246 3151 1347 3228 inisse
1371 3153 1547 3228 discretos,
1574 3175 1594 3216 a
1616 3175 1680 3238 qno
1703 3169 1871 3238 tempore,
1902 3160 1991 3224 sarie

509 3257 670 3320 Coronam
690 3255 847 3316 radiatam
871 3253 994 3318 intexit
1013 3253 1121 3327 Nero,
1144 3253 1188 3318 de
1247 3252 1444 3336 disputatur,
1467 3275 1529 3338 qua
1550 3255 1592 3318 de
1611 3258 1836 3322 controversis
1854 3262 1993 3340 nonnul·

444 3359 536 3442 cnjus
554 3357 790 3440 signilicatiune
816 3355 950 3419 uberius
967 3355 1020 3436 egi
1040 3357 1073 3416 iu
1093 3355 1188 3437 hujus
1245 3357 1277 3418 ltt
1301 3356 1392 3438 attigi
1412 3356 1444 3416 in
1463 3358 1568 3419 numia
1585 3358 1721 3424 Gelonis
1740 3364 1764 3425 Ι.
1785 3375 1819 3424 et
1835 3363 1992 3426 Hieronis

443 3462 582 3546 Augusti
600 3447 745 3536 moneta,
770 3471 803 3520 et
821 3456 1119 3540 conferri‘postnnt
1138 3477 1187 3534 ea,
1244 3459 1269 3520 1.
1287 3458 1418 3542 Siciliae
1445 3479 1579 3543 regum,
1611 3477 1644 3526 et
1667 3463 1824 3526 Archelai
1841 3467 1866 3526 1.
1885 3470 1992 3530 Mace·

444 3584 526 3650 quae
546 3565 587 3642 de
605 3561 735 3638 nimbo,
758 3561 823 3624 alio
846 3561 959 3644 cepitis
983 3559 1187 3644 imperatorii
1244 3561 1361 3624 doniae
1392 3562 1492 3644 regis.
1538 3561 1649 3656 Quare
1687 3587 1754 3630 non
1792 3566 1929 3645 mirum,
1957 3569 1990 3656 ip

442 3679 635 3730 ornamento
650 3665 683 3726 in
702 3667 855 3728 Tractstu
871 3664 912 3726 de
929 3663 1035 3724 numia
1051 3661 1187 3724 inierin-
1241 3665 1366 3746 populo
1382 3663 1509 3738 libero,
1532 3668 1638 3750 qualia
1654 3669 1715 3730 fuit
1729 3671 1894 3732 Romanus
1912 3669 1989 3734 inde
2011 3739 2021 3768 ⁸

393 3823 400 3834 .
439 3771 486 3833 ris
508 3770 580 3834 aeti
602 3767 802 3834 docebimus.
845 3771 927 3832 Eunt
953 3764 1072 3830 deinde
1094 3781 1187 3826 rece·
1236 3785 1261 3826 a
1288 3765 1391 3848 pulsis
1421 3767 1573 3848 regibus,
1605 3770 1770 3832 cummuni
1796 3769 1878 3830 illud
1910 3767 1988 3832 odio

438 3875 488 3958 pit
508 3873 736 3960 Vespasianus.
781 3873 906 3939 Verum
935 3871 1036 3954 longo
1061 3881 1186 3948 tempo·
1241 3865 1416 3950 flagrasse,
1447 3890 1513 3953 quo
1536 3871 1577 3932 de
1600 3855 1792 3953 argumento
1814 3870 1909 3982 plura
1931 3889 1988 3932 no·

441 3995 574 4039 repon
604 3976 776 4060 occuparit
804 3976 868 4037 nisi
898 3993 1037 4046 aeneos,
1061 3987 1184 4053 eosque
1241 3969 1306 4032 tavi
1328 3971 1361 4030 itt
1383 3971 1490 4033 numia
1512 3973 1652 4056 Augusti
1680 3971 1721 4034 ad
1745 3992 1863 4032 annum
1886 3972 1926 4036 V.
1950 3971 1986 4033 C.

439 4078 624 4140 tantumn.
657 4079 794 4140 formae.
840 4075 908 4139 sib
935 4073 1100 4140 Caracalla
1129 4073 1185 4135 de·
1239 4071 1314 4154 72⁶·
1361 4074 1486 4136 Tamen
1506 4073 1590 4136 illud
1612 4076 1783 4158 imponere
1804 4071 1866 4136 sibi
1889 4071 1988 4154 gesti·

440 4199 528 4240 mum
549 4191 723 4259 argenteos
743 4179 873 4254 invasit,
896 4179 954 4240 sed
973 4195 1030 4239 eos
1050 4186 1183 4250 tautum,
1240 4193 1321 4240 vere
1336 4175 1445 4238 stolidi
1457 4175 1584 4260 quidam
1596 4178 1823 4266 imperatores,
1838 4175 1899 4236 etsi
1914 4193 1987 4258 per·

438 4294 521 4366 quos
552 4297 639 4342 uoto
670 4281 836 4364 exemplo·
858 4278 983 4362 majore
1016 4277 1183 4343 volumine
1240 4275 1342 4342 ficere
1365 4300 1432 4342 non
1451 4275 1620 4342 auderent.
1654 4278 1756 4342 Teste
1779 4275 1986 4362 Suetonius)

433 4463 1987 4502 mmm—*d

435 4601 503 4672 ‘a)
523 4597 640 4660 nvn.
662 4620 686 4660 c.
706 4601 732 4668 6.
832 4595 964 4672 bt't’lin.
984 4594 1016 4656 L.
1035 4593 1146 4672 Vibi·
1165 4605 1211 4664 bl·
1247 4593 1374 4660 Diodot.
1395 4597 1454 4658 sic.
1475 4591 1554 4653 bibl.
1574 4593 1678 4658 1an.
1787 4598 1819 4670 c)
1838 4593 1868 4654 in
1888 4591 1984 4686 Calip.

433 4715 463 4776 p.
483 4703 527 4756 22·
626 4719 630 4726 “
