4482 5560
2 4350 14 4389 ll

606 447 682 524 DE
714 446 948 524 NOMINE
981 449 1408 528 IMPERATORIS.
1607 479 1612 486 “
1705 469 1779 538 35³

239 631 335 699 οᾸΕ.
353 629 393 698 Ι..
409 629 502 696 SEP.
516 629 611 700 BEV·
625 629 754 694 Pente.
769 630 872 700 AVG.
884 629 979 696 008.
1036 632 1164 696 titulum
1187 633 1288 698 initae
1312 631 1528 711 adfinitatem,
1558 633 1620 696 etai
1641 645 1781 720 nterqne

240 737 283 812 n,
313 735 346 796 tn
375 733 465 796 aton
501 731 542 794 n.
571 731 694 796 serr.
718 733 818 802 iser.
849 733 981 800 rene.
1037 735 1159 800 effectu
1181 735 1347 813 differret,
1375 755 1452 800 oum
1472 735 1557 798 aner
1578 747 1701 800 tantum
1723 739 1782 802 no·
1888 717 1899 727 “

238 829 342 904 ¹AVG.
361 835 449 898 tttt’.
468 833 492 895 t.
525 831 696 896 Poaterior
712 832 766 898 hio
781 833 897 898 modun
911 835 982 898 Mo·
1036 855 1152 898 norem
1181 837 1365 918 eonlerret,
1392 837 1477 903 alter
1503 837 1602 903 etiam
1623 857 1782 902 remmam

240 933 398 1002 diobarbe
421 935 517 1018 plane
539 933 601 998 init
622 935 769 1018 ignotae,
807 937 871 1002 etai
890 933 981 998 nami
1036 949 1244 1022 potentatum·

240 1037 289 1102 aie
309 1035 460 1120 inaeripti
480 1055 546 1098 non
568 1035 633 1100 aiut
653 1033 747 1100 raldo
769 1037 845 1102 rari.
897 1038 983 1102 Sutia

240 1150 393 1224 apparat,
424 1157 459 1198 ra
488 1139 577 1200 tter.
604 1137 694 1202 numi
723 1139 749 1201 l.
779 1158 853 1202 erte
881 1138 983 1204 inetur
1357 1157 1384 1236 q,
1404 1160 1463 1231 qq,

238 1236 477 1322 praenominio,
498 1251 531 1300 at
552 1259 617 1304 non
641 1239 746 1303 minna
771 1255 897 1304 eertum
921 1253 980 1318 eat,

238 1359 275 1402 ra
293 1339 382 1402 ttae.
405 1339 494 1400 numi
513 1341 568 1418 tt,
599 1343 673 1424 quia
695 1341 918 1426 postponitur,
948 1353 982 1406 et
1037 1343 1207 1405 Boauleia
1221 1345 1264 1406 di.
1279 1347 1433 1420 Antonii,
1449 1351 1483 1406 et
1497 1345 1670 1424 Ootuoiom‘
1682 1348 1783 1409 Illvi-

239 1437 383 1512 additum
406 1459 576 1504 nnmerum
598 1441 715 1518 habet,
741 1441 782 1505 ad
812 1441 981 1506 victoria·
1082 1463 1189 1507 rorem
1210 1465 1282 1508 enar
1297 1445 1510 1524 praenomina
1526 1447 1739 1526 imperatorin.

238 1539 464 1608 referendum.
506 1542 599 1628 Ergo
621 1543 649 1604 ai
670 1543 758 1604 trat’.
780 1561 982 1626 praenomen

239 1641 457 1726 iamqnodam
472 1643 981 1726 modoaignifleaaaetvietoriam
1100 1643 1153 1707 Ex
1194 1643 1352 1708 haetenus
1398 1642 1495 1707 diotia
1543 1647 1781 1730 perapeximnu,

237 1745 395 1827 primam,
418 1753 628 1826 sequeretur,
655 1756 731 1829 pout
753 1763 823 1806 eam
846 1747 981 1808 relatam
1038 1765 1240 1828 praenomen
1257 1746 1465 1828 imperatorin
1483 1745 1522 1807 iia
1540 1759 1661 1807 tantum
1679 1747 1794 1822 iniria,

142 1861 149 1878 ·
238 1863 304 1907 non
322 1845 385 1926 jam
402 1845 612 1908 aeribendum
631 1845 732 1908 fuiaae
751 1846 840 1910 ῙΜΡ.
860 1847 899 1922 1.,
921 1843 981 1909 red
1037 1845 1200 1925 delatum,
1235 1868 1317 1932 quoa
1343 1861 1472 1910 aenataa
1494 1848 1535 1908 lt.
1560 1868 1705 1912 summae
1730 1851 1783 1912 rei

238 1947 326 2009 tnff.
348 1949 390 2012 11.
432 1947 477 2010 At
495 1967 573 2010 tero
590 1949 653 2030 jam
671 1947 788 2011 Severi
803 1959 908 2008 aetate
927 1955 996 2009 πο·
1035 1947 1402 2033 plenaonmpotettate
1420 1967 1575 2030 praeeuae
1593 1947 1706 2013 voluit.
1739 1955 1783 2012 At

236 2049 343 2111 terem
366 2068 492 2112 rnorem
513 2047 680 2131 paullatim
699 2049 846 2132 eoepiaae
865 2047 980 2123 lunari,
1036 2047 1118 2110 talou
1138 2069 1204 2112 non
1222 2049 1316 2113 inere
1335 2049 1368 2112 in
1385 2048 1537 2114 Illviratu
1556 2068 1615 2112 ruo
1632 2049 1784 2115 Oetaria·

238 2147 310 2212 aliia
337 2147 497 2229 exemplis
520 2169 629 2210 anmna
651 2149 777 2228 edocti,
801 2147 979 2232 quomodo
1036 2167 1116 2226 naa,
1146 2161 1179 2211 et
1206 2149 1375 2212 Antonino.
1418 2153 1570 2229 Conatat,
1600 2150 1780 2215 Octaviano
1904 2167 1916 2188 ¹

238 2264 273 2314 et
288 2251 412 2334 primun
431 2249 491 2310 init
508 2249 667 2327 Serennr,
689 2250 780 2330 oujna
795 2249 980 2314 eonanlatna
1036 2251 1167 2313 nonnisi
1188 2269 1273 2314 anno
1292 2253 1332 2319 V.
1354 2253 1390 2316 0.
1407 2253 1470 2332 725
1490 2253 1659 2315 decretum
1678 2252 1780 2315 fuiaae

238 2350 265 2415 1.
284 2351 319 2411 in
341 2349 796 2420 numionotaturaeribendo
820 2351 980 2428 cos.1.‚
1035 2371 1236 2434 praenomen
1261 2351 1485 2434 imperatoria,
1508 2366 1542 2417 et
1566 2365 1672 2415 tumen
1696 2353 1780 2418 illud
1866 2369 1884 2436 Α*

239 2470 312 2516 cum
332 2449 360 2513 ia
378 2449 533 2514 hactenns
554 2450 626 2516 tolo
644 2449 740 2518 COS.
758 2453 836 2516 tatia
853 2452 979 2518 videro·
1034 2452 1100 2536 jam
1125 2454 1240 2514 aiatnnt
1271 2453 1342 2536 ejnu
1372 2455 1463 2514 numi
1491 2471 1552 2537 per
1577 2453 1780 2537 praeeedena

238 2565 294 2616 tur
314 2551 486 2618 indicatur.
523 2557 528 2567 “
1035 2553 1230 2616 decennium
1247 2555 1373 2638 nigrati.
1405 2554 1480 2648 Quo
1496 2555 1578 2616 illud
1597 2555 1669 2647 jore
1687 2576 1781 2618 nunr-

299 2655 451 2738 Donique
470 2655 683 2720 Mannolenna
704 2653 861 2738 judieinm
884 2671 977 2717 uuum
1035 2675 1113 2738 pane
1130 2655 1289 2738 potuerit,
1311 2653 1402 2732 ride,
1424 2675 1466 2719 na
1485 2655 1563 2719 olim
1584 2654 1669 2718 diota
1686 2675 1781 2720 reeo-

237 2770 430 2839 argumento
459 2756 540 2835 alio,
570 2776 677 2840 eoque
706 2755 879 2820 admodum
909 2753 979 2817 ido·
1036 2777 1149 2839 quarn,
1171 2775 1254 2840 qnae
1270 2755 1309 2818 ad
1328 2775 1444 2818 nemon
1463 2754 1612 2838 ejusdem
1627 2756 1702 2848 aqui
1715 2757 1780 2840 726

235 2879 300 2924 nee
327 2857 508 2923 confirmat.
550 2859 605 2920 Ait
621 2863 670 2938 ¹),
698 2877 899 2943 praenomen
919 2859 979 2919 im·
1036 2857 1219 2922 obaerrari.
1247 2856 1354 2938 Major
1368 2856 1541 2920 diifioultna
1559 2869 1610 2920 ent
1625 2857 1660 2918 in
1676 2857 1783 2943 expli·

236 2959 400 3045 potatoris
424 2977 495 3020 nem
525 2959 698 3023 militarem
728 2959 905 3044 praecipue
927 2977 978 3022 re·
1036 2945 1477 3034 eando'nnmodntonii,·in
1497 2959 1588 3038 eujna
1607 2969 1787 3041 unapartt

237 3061 405 3146 aperiam
426 3080 501 3122 nam
516 3060 642 3144 reliqna
657 3073 819 3145 potestas,
842 3081 905 3142 qna
920 3079 979 3142 po·
1034 3058 1063 3120 ia
1082 3057 1201 3122 dieitur
1223 3062 1311 3122 tote.
1334 3062 1433 3125 ΔΝΤ.
1460 3059 1621 3127 AVGVR.
1646 3061 1779 3127 tttvttt.

236 3160 401 3226 utebantur
423 3160 578 3241 Augusti,
608 3159 649 3222 ab
678 3161 748 3224 aliia
779 3161 880 3223 titulia
901 3179 978 3243 pro·
1034 3163 1076 3226 ld.
1102 3161 1141 3226 P.
1167 3160 1224 3237 C.,
1254 3161 1287 3223 in
1312 3159 1412 3225 ultera
1437 3161 1526 3225 me.
1549 3163 1649 3224 TER.
1693 3159 1779 3227 Vide

238 3274 399 3337 uerterat,
428 3275 522 3343 patae
548 3259 710 3344 pontificia
729 3262 881 3340 maximi,
902 3281 979 3324 eon-
1033 3261 1174 3338 iterum,
1206 3281 1289 3344 qnae
1320 3263 1361 3325 de
1391 3264 1455 3328 hoo
1483 3260 1638 3347 prodigio
1668 3263 1782 3324 monui

238 3359 338 3438 nulia,
366 3361 589 3446 proconsulis,
611 3360 687 3425 trib.
708 3363 877 3445 potentatio
898 3375 978 3438 ete,
1034 3361 1069 3422 in
1101 3361 1247 3444 ejuadem
1275 3364 1385 3430 lilriri
1421 3377 1553 3429 moneta
1588 3357 1649 3428 anit
1683 3363 1779 3428 titulo

237 3477 335 3548 atquo
365 3473 551 3544 opportune
582 3479 695 3527 rouen
726 3455 854 3526 Tiberii
883 3461 981 3526 adro·
1036 3453 1253 3547 imperatoria.

237 3579 307 3640 eat,
339 3561 535 3646 dejerantia,
564 3582 638 3626 erae
667 3585 703 3628 ao
724 3563 892 3627 dominnm
914 3581 982 3624 aen·

237 3687 374 3740 rorem,
410 3663 641 3748 imperatorem
670 3663 831 3740 militnm,
862 3663 981 3746 prinei·
1345 3681 1373 3756 §.
1394 3681 1467 3750 vu,

237 3785 315 3851 pem
343 3779 548 3842 ceterorum,
576 3779 613 3829 nt
640 3767 762 3850 legitur
790 3765 875 3851 apud
902 3763 980 3826 Dio·
1248 3751 1256 3766 ⁵

236 3887 312 3930 nem
328 3865 372 3948 b).
415 3867 467 3928 Ex
495 3887 560 3952 quo
589 3867 769 3932 verisimile
799 3867 896 3954 plana
918 3877 979 3942 eat,
1056 3865 1105 3928 Da
1125 3865 1268 3945 impariia
1287 3867 1483 3946 doripeotia,
1505 3870 1755 3957 atuaticipatia.
1872 3853 1878 3864 ’

235 3968 300 4050 jam
317 3971 423 4052 iprum
444 3967 483 4031 ad
503 3969 678 4052 imperium
697 3969 817 4033 aditum
836 3965 890 4031 rel
906 3985 980 4028 eau-
1407 4015 1410 4020 .

238 4089 273 4134 aa
299 4069 440 4134 uominir
461 4069 563 4133 suinae
583 4070 746 4156 quoddam
767 4067 979 4134 victoriarum
1098 4065 1227 4128 Horum
1249 4065 1347 4152 'numi
1374 4065 1543 4149 eomplnra
1572 4067 1778 4152 ruppeditant

239 4189 353 4247 omen,
376 4183 411 4234 et
431 4171 588 4236 victoriae
610 4172 727 4237 ualtem
749 4169 909 4236 honoram
931 4169 979 4232 in·
1036 4165 1204 4250 exemplu
1228 4168 1380 4232 nimirum
1400 4189 1473 4232 eum
1495 4169 1649 4253 princepe
1672 4169 1777 4234 liliam

236 4271 375 4336 rexiaae.
397 4273 494 4338 Vnda
507 4271 871 4346 nuruumeonlirmatnr‚
889 4269 978 4354 quod
1035 4288 1095 4335 aen
1112 4271 1309 4348 naturalem,
1331 4291 1390 4334 aen
1410 4271 1596 4357 adoptivum
1622 4271 1655 4332 in
1677 4273 1779 4358 impe-

238 4393 336 4454 anpra
361 4373 473 4470 tinem,
505 4395 657 4458 inopom
684 4376 772 4440 inter
802 4386 978 4456 utrumqne
1035 4371 1076 4434 rii
1091 4373 1280 4438 aoniatatem
1296 4374 1424 4441 vocarit
1441 4372 1685 4438 communicatio
1702 4394 1776 4437 enm

231 4567 1766 4612 ——7————-·-—-·———v·———————-——*

267 4647 304 4764 a)
319 4685 386 4746 tce.
404 4706 473 4770 pq.
492 4699 537 4752 as.
638 4685 675 4762 n)
693 4685 726 4748 n.
745 4685 835 4750 nvn
854 4689 881 4762 o.
900 4695 926 4752 n.

330 4783 419 4864 (ror.
439 4781 546 4863 7111.)
