4440 5550
806 424 1096 504 1vn1sttvs
1139 405 1208 503 11.'
1698 455 1769 538 no

223 607 517 700 quuetlllyricnm
541 615 689 689 occupat.
732 605 812 668 Erat
837 605 966 691 pro-io·
1019 607 1058 672 sd
1077 610 1199 674 bellum
1222 609 1392 676 Persicum
1416 633 1547 692 comes,
1576 623 1766 704 aequissimi

219 717 312 782 sibus
333 713 457 776 bellurn
490 710 609 770 iterum
633 704 730 770 cirila
760 718 872 782 strux,
902 706 964 768 nisi
1019 709 1070 774 vir
1083 711 1214 794 judicii,
1244 731 1281 774 ac
1299 715 1446 792 consilii,
1468 715 1559 780 illinc
1583 723 1659 784 Aur.
1683 725 1765 788 Pru-

221 815 430 888 Conetantio‚
470 809 525 894 qui
553 807 673 871 aemuli
706 805 830 869 lacinus
860 806 964 870 ultum
1021 809 1168 891 dentiae,
1203 813 1326 894 juratus
1356 830 1448 880 certe
1468 817 1678 899 polytheismi
1709 825 1767 888 ho·

219 915 339 996 iterat,
361 915 394 976 ia
419 909 533 974 Cilicia
551 907 706 970 deiuncto
723 903 850 970 ssemnrs
876 927 966 970 rese·
1021 911 1098 988 stis,
1119 913 1210 994 cujus
1229 915 1270 976 de
1289 917 1414 981 lulisno
1426 915 1581 1000 judicium
1601 922 1693 989 lubet
1714 923 1768 990 hio

220 1015 333 1080 disset.
374 1017 479 1076 Hoste
503 1023 632 1072 semoto
660 1007 747 1070 solus
765 1008 836 1094 ipse
856 1010 964 1092 Augu·
1020 1033 1208 1098 proponere
1227 1016 1277 1098 ·)s

171 1153 184 1164 -
221 1127 291 1182 stus
309 1109 612 1196 Constantinopolin
628 1107 759 1172 nemine
787 1107 965 1172 obsistente

214 1199 336 1292 intrat,
373 1225 406 1275 et
429 1225 588 1276 renovato
612 1228 685 1273 cum
712 1209 836 1292 Sapore
864 1213 966 1274 Perse
1065 1217 1270 1296 Principibus
1288 1227 1647 1288 tansenecsmciisssen
1667 1227 1773 1306 defuit

220 1309 310 1380 lsello
335 1315 446 1378 multis
464 1315 528 1397 jam
556 1309 656 1396 ceptis
679 1307 813 1374 urbibus
836 1309 965 1394 longius
1468 1343 1550 1386 unus

218 1413 252 1476 in
264 1415 425 1479 hosticum
442 1432 653 1498 progressus,
676 1423 707 1472 at
724 1427 964 1476 commeatuum
1065 1419 1118 1478 Me
1132 1437 1255 1497 puero,
1275 1429 1313 1482 ssi
1333 1425 1478 1498 memini,
1500 1427 1612 1486 doctor
1627 1427 1771 1504 fortini.

220 1517 328 1600 inopis
342 1516 453 1580 redire
468 1527 617 1588 coactus,
640 1510 715 1572 dum
733 1512 869 1575 infestos
889 1532 965 1597 qua·
1338 1523 1342 1530 '
1463 1543 1533 1584 mus
1551 1529 1665 1598 ermis,

220 1615 413 1702 quaiersum
439 1617 555 1678 Persas
581 1614 612 1678 si
633 1613 816 1696 reprimere
838 1613 962 1691 nititur,
1065 1619 1214 1683 Conditor
1243 1631 1276 1684 et
1302 1626 1426 1704 legunt,
1461 1625 1682 1686 celeberrimus
1714 1647 1769 1688 ore

218 1715 354 1780 lurtnito
377 1717 446 1780 telo
469 1717 611 1779 incuses
631 1713 770 1777 vulnere
790 1716 825 1776 in
850 1716 963 1778 castris
1461 1743 1639 1805 manuque,

219 1815 351 1880 decedit
369 1815 422 1878 die
438 1817 540 1882 XXV.
557 1815 639 1876 lunii
657 1817 696 1878 V.
717 1817 752 1878 C.
776 1815 903 1876 rstisP.
921 1817 962 1879 X
1063 1818 1230 1881 Comiter
1246 1823 1393 1898 patriae,
1426 1827 1486 1885 sed
1515 1844 1580 1886 non
1606 1829 1768 1888 consultor

218 1917 279 1986 363
295 1937 380 1982 anno
396 1917 509 1981 aetatis
526 1916 658 1978 xxxtt.
677 1915 708 1974 in
722 1915 793 1998 ipso
810 1915 892 1976 adeo
914 1913 963 1997 ju·
1154 1976 1157 1988 ,
1254 1917 1264 1936 ·
1461 1925 1625 1985 habendae

219 2013 479 2094 tentatisllore,
503 2018 589 2080 etin
616 2015 725 2078 medio
748 2015 903 2077 hactenus
919 2016 963 2080 si·
1060 2017 1261 2098 Religionis,
1281 2043 1395 2084 amans
1408 2033 1581 2086 tercentum
1597 2029 1768 2090 miiiiadi-

219 2121 394 2184 ctoriarum
418 2137 525 2182 cursu.
1237 2141 1240 2148 ·
1459 2145 1552 2201 vum,

258 2221 262 2230 “
284 2217 382 2311 Quod
399 2221 432 2280 in
449 2213 660 2281 Constantino
674 2217 721 2276 tt.
750 2215 900 2280 evenisse
917 2215 965 2279 di·
1064 2215 1204 2298 Perfidus
1220 2220 1367 2296 iileDeo,
1389 2227 1535 2304 quumvis
1553 2245 1617 2285 non
1628 2211 1768 2305 perfidus

220 2319 343 2396 ximus,
382 2339 479 2402 quem
511 2311 663 2400 religiosa
690 2317 830 2400 partium
859 2316 964 2379 studia
1462 2324 1552 2399 orbi,
1574 2333 1633 2384 etc.

221 2433 276 2484 sut
295 2419 392 2482 coelo
413 2419 575 2490 intulere,
606 2430 660 2479 snt
684 2417 793 2480 Furiis
817 2418 964 2480 excruci-

220 2517 339 2584 endum
368 2519 581 2594 commisere,
611 2517 699 2580 idem
725 2529 759 2582 et
781 2517 813 2580 in
838 2518 964 2582 Iuliano
1082 2517 1135 2578 Ex
1160 2535 1255 2604 assasse¹
1277 2515 1378 2600 igitur
1399 2520 1532 2582 criticae
1562 2521 1707 2604 legibus,
1741 2525 1769 2585 si

221 2621 354 2686 evenire
378 2640 513 2685 necesse
531 2618 611 2694 suit,
634 2639 676 2683 ex
696 2639 761 2704 quo
784 2619 963 2702 repudiatis
1021 2617 1256 2699 amplectamur
1277 2637 1332 2694 ea,
1361 2639 1443 2702 quae
1470 2620 1644 2684 Christiani
1671 2624 1704 2686 in
1725 2644 1767 2688 eo

217 2726 323 2808 pelam
339 2722 461 2788 Christi
475 2722 576 2784 sacris
594 2737 740 2786 veterem
763 2721 964 2804 superstitio·
1020 2718 1197 2796 laudanda,
1232 2739 1317 2803 qnae
1347 2720 1526 2802 adversarii
1553 2723 1768 2810 vituperanda

219 2845 294 2888 nem
318 2824 494 2890 revocarit.
538 2822 726 2888 Cavendum
749 2821 850 2906 igitur
875 2841 963 2884 curn·
1021 2819 1163 2896 duxere,
1187 2819 1332 2884 lierinon
1346 2824 1488 2906 poterit,
1508 2823 1585 2906 quin
1604 2827 1765 2888 sinceram

218 2927 351 3010 primis,
372 2943 414 2986 ne
437 2925 472 2986 in
494 2921 676 3010 judicandis
690 2923 814 2996 iuliani
837 2923 964 2986 meritis
1018 2922 1210 3000 habeamus,
1251 2943 1505 3010 germanamque
1540 2925 1656 2988 luliani
1688 2925 1769 2989 ima·

219 3026 367 3090 sntsolis
389 3041 516 3092 utamur
537 3047 651 3090 eornm
674 3023 885 3103 testimoniis,
907 3025 963 3108 qui
1020 3025 1141 3110 ginem.
1184 3022 1339 3099 Accedit,
1362 3025 1449 3107 quod
1472 3025 1568 3089 etiam
1592 3029 1768 3092 hisremo·
1814 3106 1820 3117 „

222 3126 405 3190 Christiana
430 3149 522 3192 sacra
537 3125 680 3213 amplexi
704 3142 798 3204 sunt,
821 3146 902 3211 qnos
917 3127 965 3188 in·
1018 3125 1074 3202 tis,
1110 3147 1176 3210 quo
1197 3125 1255 3188 ille
1276 3124 1377 3188 suerit
1396 3125 1525 3202 animo,
1557 3147 1619 3210 qua
1639 3127 1763 3204 indole,
1822 3120 1827 3129 ’

218 3241 273 3290 ter
290 3215 470 3314 ¹praecipue
493 3225 681 3291 nominandi
704 3226 884 3310 Gregorius
900 3225 962 3288 Ns·
1018 3226 1243 3310 incorruptum
1269 3225 1364 3289 nobis
1386 3227 1596 3312 suppeditent
1623 3229 1767 3291 testimo·

221 3327 415 3398 sittacenen,
443 3337 610 3411 totumque
638 3327 832 3410 scriptorum
856 3324 962 3390 eccle·
1017 3329 1106 3388 nium
1133 3321 1204 3410 ejus
1233 3327 1334 3411 ipsius
1360 3327 1499 3410 scripta,
1538 3347 1621 3412 qnce
1644 3330 1767 3414 insigni

221 3425 426 3490 siasticorum
457 3447 592 3512 agmen,
637 3439 692 3490 ant
718 3429 796 3490 solis
827 3445 961 3502 eorum,
1017 3447 1157 3489 numere
1176 3428 1217 3490 ad
1239 3441 1382 3492 nostram
1402 3449 1504 3512 usque
1527 3444 1668 3498 aetutem
1690 3454 1767 3516 per·

222 3527 279 3612 qni
306 3527 442 3590 deosum
473 3527 595 3590 cultum
634 3528 735 3611 longe
766 3526 965 3610 praetulere,
1020 3547 1153 3594 renero.

222 3649 304 3715 quos
325 3628 412 3690 inter
429 3628 525 3691 facile
545 3627 667 3692 eminet
684 3629 839 3700 Libanius
858 3627 967 3710 sophi·
1083 3627 1144 3688 His
1175 3628 1202 3689 si
1231 3627 1375 3690 sontibus
1405 3627 1445 3691 sd
1469 3649 1597 3694 causam
1620 3648 1766 3697 nostram

220 3740 278 3794 sta.
323 3727 397 3823 Quo
419 3727 614 3814 inpertiam
640 3729 793 3793 conflictu
812 3725 899 3790 istud
915 3747 967 3792 ac·
1021 3742 1172 3804 utemur,
1195 3730 1429 3792 convincemur
1447 3729 1567 3804 facile,
1596 3731 1698 3794 fnisse
1716 3737 1769 3796 Iu·

221 3831 301 3898 didit
326 3831 372 3904 ¹ad
398 3853 527 3896 censam
559 3843 702 3896 nostram
733 3843 964 3918 opportunum,
1019 3825 1142 3891 lianurn
1169 3851 1188 3893 a
1223 3825 1361 3890 libidine
1393 3827 1494 3914 longe
1522 3830 1766 3912 alienissimum,
1874 3843 1878 3852 '

224 3931 311 4022 quod
329 3930 491 3998 interitus
507 3935 888 4020 ipsosauctoreaiuere‚
911 3927 967 4015 qui
1022 3928 1204 4014 frugalem,
1239 3948 1372 4014 percum
1410 3931 1557 3996 ciborum
1586 3945 1619 3994 et
1650 3937 1766 4015 somni,

220 4035 336 4100 iuliani
351 4047 387 4098 et
409 4034 545 4100 rirtmes
559 4035 710 4120 aperiunt
731 4035 877 4112 atritis,
897 4054 968 4097 mo-
1024 4047 1285 4116 contemptorem
1297 4050 1412 4112 opum,
1434 4048 1469 4098 nt
1477 4035 1510 4096 in
1528 4035 1698 4118 exigendis
1711 4038 1768 4112 tri·

223 4138 329 4202 derasi
354 4155 450 4214 asne,
473 4151 508 4204 et
524 4139 622 4206 amini
645 4137 810 4214 veritatis,
833 4155 876 4200 ex
896 4135 968 4218 qni·
1021 4135 1109 4200 batis
1134 4155 1199 4200 non
1222 4133 1414 4214 molestum,
1437 4135 1482 4199 ita
1502 4135 1535 4196 in
1558 4137 1766 4202 remittendis

220 4238 283 4301 bns
298 4235 475 4302 isadsmlns
489 4239 667 4325 praecipue
677 4239 865 4304 Ammianus
879 4241 967 4302 lior·
1021 4237 1093 4302 lisei
1115 4235 1233 4300 debitis
1261 4236 1410 4311 facilem,
1440 4250 1588 4304 tenacem
1613 4239 1766 4322 justitiae,

220 4337 361 4402 celliuns
381 4338 545 4405 idolorum
561 4342 633 4427 ipse
650 4341 774 4420 cultor,
796 4355 831 4405 et
848 4337 967 4405 iuliani
1021 4347 1068 4406 et'
1077 4341 1107 4404 si
1129 4359 1193 4426 qss
1217 4337 1280 4404 slis
1302 4349 1378 4402 sunt
1401 4337 1524 4405 decora
1551 4361 1594 4405 es
1620 4343 1766 4426 philoso-

259 4659 293 4730 s)
312 4653 343 4712 in
361 4649 523 4732 Aputlreosi
541 4673 569 4714 v.
586 4659 651 4728 leto.

322 4745 413 4830 (701.
430 4747 537 4827 7111.)
741 4749 747 4758 '
