4404 5564
594 581 670 656 an
703 579 991 659 vouvunn
1025 547 1351 682 evannum
1594 645 1599 650 .
1685 599 1732 682 ts

192 748 275 812 lalus
299 767 318 832 ty
340 748 473 814 circiter
496 749 646 832 milliaria
668 749 866 838 ab'Algerio
890 751 937 814 did
993 775 1069 818 eam
1085 753 1201 839 ipsum,
1217 752 1272 835 qui
1290 764 1404 836 postea
1421 771 1559 837 regnum
1575 753 1660 839 apud
1675 755 1733 839 Sy·

189 859 435 936 staus'reperta
461 865 512 914 est
534 853 669 938 insignis
691 855 796 921 semes
824 875 936 920 numo-
991 875 1165 920 racusanus
1188 853 1336 920 obtinuit.
1366 853 1501 918 Factum
1529 857 1633 934 istud,
1667 878 1732 942 quo

189 973 264 1016 rum
286 967 517 1037 argenteorum
539 955 634 1038 hujus
652 956 852 1033 Ptolemaei,
879 957 935 1040 qui
989 971 1141 1042 tempore
1156 955 1341 1020 Mamertini
1363 956 1520 1020 aPoenis
1540 958 1647 1042 pressi
1668 961 1734 1024 llo-

191 1075 304 1118 omnas
324 1055 357 1116 iu
375 1075 522 1120 museum
542 1057 740 1123 ill.Baronis
760 1057 801 1120 da
819 1058 936 1122 Schel·
991 1079 1160 1123 manorum
1200 1057 1399 1140 praesidium
1434 1079 1614 1144 recepere,
1651 1081 1733 1145 quaa

190 1155 349 1221 lersheim
370 1161 538 1222 Musarum
560 1174 745 1224 nostrarum
768 1181 936 1246 peraman·
991 1160 1053 1224 tuit
1073 1159 1156 1224 belli
1172 1159 1288 1223 Punici
1305 1163 1330 1224 1.
1349 1179 1455 1225 causa.
1479 1162 1560 1224 Cum
1580 1161 1658 1225 urbs
1675 1163 1735 1225 bu·

188 1259 230 1322 tis
270 1259 537 1343 commigrarunt.
584 1261 672 1324 Auni
704 1261 755 1325 his
788 1262 936 1346 inscripti
991 1265 1043 1346 jus
1067 1261 1208 1326 nominis
1234 1261 1405 1324 anemine
1431 1273 1580 1326 veterum
1605 1263 1734 1349 prodita

189 1373 280 1424 sunt:
312 1363 355 1428 lt.
381 1363 423 1430 A.
445 1364 486 1430 V.
509 1365 564 1430 vl.
586 1365 658 1431 VII.
688 1365 773 1432 VIII.
798 1365 837 1427 X.
861 1365 932 1430 XII.
991 1363 1185 1449 reperiatur,
1202 1361 1661 1427 existimaritCasaubonusin
1678 1387 1735 1428 sua

187 1463 274 1530 XIII.
292 1463 381 1530 XIV.
396 1464 468 1530 XV.
487 1465 574 1534 XVI.
591 1465 696 1534 XVII.
710 1465 844 1534 XVIIII.
866 1466 935 1530 Eos
992 1465 1135 1530 adhunc
1151 1467 1261 1554 locum
1279 1477 1372 1544 nota,
1394 1484 1455 1549 pro
1472 1466 1640 1547 Mergane
1657 1467 1737 1532 scri·

189 1585 303 1628 omnes
322 1567 530 1650 conscripsit,
556 1579 592 1630 et
611 1567 680 1632 aeri
701 1567 821 1632 incisos
844 1567 936 1631 dedit
990 1567 1135 1633 bendum
1151 1570 1361 1650 Morgentia.
1390 1563 1457 1629 Sed
1475 1566 1645 1630 Cluverius
1664 1569 1736 1632 Me·

188 1665 230 1732 cl.
247 1667 345 1734 abbas
365 1666 521 1730 Sestiana.
544 1670 696 1750 (Lettere
711 1672 750 1736 Τ.
761 1671 799 1738 V.
817 1692 848 1754 p.
862 1673 934 1752 IX.)
988 1691 1077 1756 gnra
1100 1670 1222 1734 maluit.
1250 1667 1409 1730 Cellarius
1439 1667 1508 1749 ejus
1536 1669 1736 1732 mentionem

188 1769 273 1853 Typi
300 1769 382 1832 nihil
412 1783 464 1832 aut
495 1769 651 1834 hactenus
678 1771 843 1854 ignotum,
881 1785 936 1836 aut
990 1792 1057 1835 non
1075 1770 1171 1847 fecit,
1201 1767 1418 1844 hauddubie,
1442 1767 1514 1851 quia
1532 1767 1582 1830 illi
1604 1791 1734 1854 quoque

187 1869 276 1934 aliud
313 1871 392 1956 quid
432 1870 586 1934 eximium
622 1870 783 1950 offerant,
826 1894 935 1957 neque
991 1873 1073 1935 haec
1096 1871 1198 1935 lectio
1217 1883 1368 1955 suspecta
1389 1869 1583 1935 visafuerit.
1614 1871 1734 1934 Melius

187 1973 285 2038 etiam
314 1974 454 2038 varietas
484 1995 660 2050 annorum,
696 1995 769 2036 cum
792 1974 862 2058 ejus
884 1995 937 2038 re·
992 1971 1304 2056 schweighauserus
1337 1972 1371 2032 in
1402 1971 1575 2036 norissima
1606 1995 1663 2035 sua
1695 1993 1733 2037 so

187 2097 288 2161 gnum
309 2074 343 2135 in
364 2063 482 2138 annum
499 2075 586 2140 XXI.
607 2074 784 2140 duraverit.
811 2078 936 2138 Tamen
991 2076 1158 2160 praeclara
1173 2095 1249 2138 sane
1259 2071 1546 2156 Polybiieditione
1555 2074 1637 2136 nihil
1651 2074 1683 2134 in
1695 2094 1736 2138 eo

185 2189 293 2240 tantus
318 2175 411 2236 unius
439 2173 528 2258 regis
557 2197 730 2238 rumorum
751 2196 933 2254 numerus,
990 2175 1151 2243 vocabulo
1167 2175 1354 2240 mutandum
1371 2176 1515 2252 censuit,
1537 2175 1736 2258 quianullus

187 2277 243 2364 qni
263 2275 444 2358 generatim
461 2277 588 2361 perrari
606 2280 700 2356 sunl,
724 2259 820 2341 etiain
838 2277 933 2362 regio
989 2278 1024 2340 iu
1040 2299 1082 2342 eo
1100 2292 1234 2361 apparet
1254 2277 1404 2341 codicum
1421 2276 1603 2353 dissensus,
1625 2297 1734 2362 neque

186 2377 327 2462 cuipiam
358 2397 472 2442 museo
502 2378 631 2445 illustre
657 2393 772 2465 posset
799 2377 931 2444 adferre
990 2380 1089 2444 etiam
1104 2377 1190 2461 ejus,
1209 2379 1265 2464 qui
1280 2394 1330 2444 est
1348 2379 1382 2439 in
1400 2377 1599 2442 bibliotheca
1618 2381 1733 2441 Caesa-

186 2491 412 2572 oruameutum
433 2481 472 2564 ⁸).
988 2503 1064 2560 rea,
1094 2502 1191 2565 quem
1216 2480 1375 2544 consului.
1405 2477 1496 2540 Nihil
1518 2479 1619 2562 igitur
1645 2478 1735 2541 dubii

628 2647 633 2656 .
989 2597 1156 2667 superest,
1186 2582 1263 2667 quin
1289 2582 1493 2666 praeclarum
1519 2565 1610 2643 istud
1636 2603 1738 2663 κειμη-
1780 2571 1784 2582 ’

362 2668 399 2730 1²⁸
414 2663 483 2730 ¹⁶3·
502 2667 566 2734 ⁶⁰²·
582 2685 612 2732 2·
629 2667 690 2732 llll·
708 2689 755 2752 ¹9·
988 2689 1069 2762 haus,
1092 2699 1125 2748 et
1144 2697 1282 2768 propter
1300 2703 1415 2746 omues
1432 2695 1580 2746 remotae
1599 2683 1737 2767 antiqui·

248 2789 464 2871 Posteaquam
485 2785 567 2850 haec
586 2787 670 2872 typis
691 2785 837 2850 mandata
862 2785 933 2848 Iue-
988 2787 1062 2851 tatis
1077 2802 1170 2850 notas
1187 2788 1282 2870 plane
1298 2783 1493 2868 spectabile,
1511 2785 1663 2869 quodque
1678 2806 1736 2870 pe·

184 2911 238 2968 re,
260 2887 528 2960 factumfavente
544 2887 693 2966 fortuna,
720 2902 757 2952 ut
772 2889 805 2949 in
821 2890 932 2951 locum
988 2889 1120 2953 ritiores
1139 2908 1253 2951 omnes
1270 2886 1375 2971 primo
1387 2883 1553 2969 ,adspectu
1572 2907 1736 2971 essapar·

184 2992 315 3074 Polybii
332 2989 522 3069 inciderem,
538 2991 594 3076 qui
609 2991 698 3054 numi
712 2991 806 3076 hujus
821 2991 931 3053 locum
988 3005 1057 3054 tum
1085 2991 1232 3056 Siculum
1257 2976 1501 3072 conjectavere,
1531 3008 1598 3051 non
1622 2988 1737 3066 modo,

186 3096 326 3157 natalem
344 3093 436 3160 nullo
454 3093 602 3176 amplius,
620 3107 654 3154 ut
672 3114 780 3176 spero,
797 3093 931 3156 residuo
990 3093 1079 3179 quod
1095 3107 1263 3177 repertum
1279 3091 1342 3154 suit
1357 3091 1390 3153 iu
1410 3091 1537 3168 Sicilia,
1560 3089 1735 3156 sedetiam

189 3195 288 3264 dnbio
307 3194 438 3258 stabilit.
460 3196 578 3256 Narrat
594 3193 622 3256 is
639 3195 737 3276 (Hist.
755 3195 827 3258 1..1.
846 3195 931 3277 at.)
991 3194 1079 3281 quod
1096 3209 1246 3259 monetae
1262 3195 1390 3257 Siculae
1411 3191 1650 3275 antiquissimae
1670 3213 1738 3255 mo·

186 3297 297 3380 copias
328 3297 603 3378 Syracusanorum
637 3295 811 3371 militares,
850 3315 934 3379 quae
990 3295 1050 3359 dos
1069 3317 1182 3360 omnes
1201 3293 1316 3371 offert,
1340 3291 1537 3376 Polybianae
1555 3291 1630 3354 huic
1649 3295 1737 3356 Mer-

188 3399 274 3481 spud
288 3399 471 3478 Merganen
488 3401 567 3478 (raet
584 3419 637 3470 την
651 3393 838 3482 Μερφανην)
858 3396 933 3458 hao-
990 3418 1092 3481 garae
1116 3396 1286 3480 proprium
1311 3409 1496 3459 statuamus.
1525 3395 1630 3476 Hujus
1654 3414 1735 3478 ergo

184 3501 320 3578 rebant,
343 3497 473 3562 collisas
492 3518 563 3562 cum
581 3495 638 3572 iis,
661 3517 743 3580 quae
765 3497 932 3578 Syracusis
989 3498 1080 3559 numi
1114 3497 1277 3562 beneflcio
1311 3511 1345 3560 et
1375 3518 1448 3560 rem
1480 3495 1736 3560 numumaricam

59 3611 62 3620 '
185 3617 325 3678 stetere,
343 3599 934 3682 delectosesuonumeromagistra·
988 3619 1074 3662 nova
1093 3599 1176 3670 urbe
1200 3597 1367 3676 auximus,
1395 3597 1624 3664 stlectionem
1641 3601 1758 3684 Poly·-

184 3721 236 3772 tus
251 3705 414 3772 creavisse
426 3700 673 3765 Artemidorum
691 3715 724 3764 et
738 3702 931 3780 Hieronem,
988 3699 1116 3764 bianam
1135 3699 1395 3766 confirmavimus
1410 3697 1456 3784 ¹‘).
1505 3731 1510 3736 ·

189 3920 193 3928 ’
221 3935 253 4005 a)
273 3929 310 3987 lli
325 3929 407 3986 numi
422 3937 541 4005 praesto
556 3939 625 3983 sunt
640 3927 669 3984 iu
685 3929 788 3986 blusso
806 3929 891 3986 Caes.
904 3927 977 4002 Ileg.
987 3924 1196 3986 vindobonae.

216 4021 253 4096 b)
274 4021 308 4079 lu
325 4021 402 4077 notis
419 4018 628 4095 manuscriptis
647 4018 780 4076 tlcfuncti
791 4017 919 4076 Abbatis
937 4017 1093 4072 Neumsun
1107 4015 1145 4073 de
1159 4015 1218 4072 hac
1232 4033 1265 4071 re
1279 4013 1435 4092 sequentia
1448 4013 1601 4090 leguntur:

253 4117 415 4188 Margana.-
434 4112 615 4166 Memoratur
627 4109 752 4187 Polybio
767 4109 800 4166 L.
814 4111 837 4170 1.
854 4128 880 4166 c.
895 4107 974 4166 VIII.
992 4118 1021 4190 et
1037 4105 1158 4164 consuls
1174 4115 1420 4164 commentatores
1435 4123 1518 4162 mese
1534 4104 1656 4180 quidem
1673 4104 1736 4162 edi·

181 4204 269 4260 tionis
287 4201 496 4262 Casaubonum
514 4201 605 4258 P.lll.
623 4221 654 4276 p.
666 4213 728 4262 127.
746 4212 775 4256 ct
790 4197 969 4256 Palmerium
987 4195 1006 4252 l.
1024 4217 1049 4256 c.
1065 4207 1168 4273 psat.
1195 4197 1274 4256 Vide
1299 4195 1386 4252 ctiam
1409 4195 1594 4272 Stephanum
1614 4195 1683 4270 Byr.
1707 4193 1739 4250 iu

181 4283 352 4370 Μορτγυνα,
371 4303 400 4348 ct
416 4291 561 4348 Ilolstenii
577 4305 663 4348 notas
679 4291 719 4348 ad
735 4291 813 4348 hanc
829 4291 934 4348 urbem
950 4299 979 4344 ct
998 4285 1038 4344 sd
1052 4278 1263 4369 Moaymun
1282 4285 1352 4343 item
1369 4285 1530 4342 Cellarium
1547 4295 1649 4360 ΡΜ.

254 4381 330 4438 Iluic
345 4380 424 4448 urbi,
440 4381 501 4436 sive
519 4379 575 4436 alia
590 4381 643 4450 sit,
659 4381 721 4438 sive
738 4379 842 4438 eadem
858 4397 934 4457 quae
952 4375 1134 4454 Morgentia,
1150 4375 1324 4435 tribuendus
1340 4375 1460 4434 videtur
1473 4373 1599 4431 celebris
1613 4372 1662 4431 ille
1678 4393 1737 4431 ma·

181 4471 274 4528 rimae
288 4470 442 4528 vetustatis
459 4483 615 4544 argenteus
632 4490 699 4527 cum
717 4490 764 4546 op.
780 4471 868 4532 MEP.
889 4468 996 4528 Omnia
1012 4465 1172 4524 bellissime
1187 4468 1375 4543 conspirant,
1394 4463 1418 4522 si
1436 4465 1527 4521 modo
1543 4465 1625 4521 numi
1640 4465 1738 4524 numis

181 4553 399 4636 comparentur.
426 4559 539 4616 Confer
554 4560 652 4636 itaque
669 4559 783 4616 Naxum
803 4559 928 4617 llunteri
945 4561 979 4618 T.
994 4571 1042 4630 39.
1057 4577 1087 4614 u.
1099 4555 1183 4624 XV..
1204 4561 1288 4632 cuius
1315 4556 1437 4634 quidem
1454 4553 1518 4630 typi
1535 4555 1659 4624 divorsi,
1683 4557 1738 4614 sed

181 4650 304 4708 eaedem
320 4649 496 4726 peristases,
523 4669 599 4727 quae
617 4649 741 4706 alterurn
758 4647 835 4706 ME?
854 4649 987 4724 ejusdcm
1005 4648 1134 4724 patriae,
1154 4647 1212 4704 imo
1229 4647 1344 4704 vicinae
1362 4645 1447 4704 urbis
1462 4645 1605 4702 iudicant.
1625 4644 1661 4704 ld
1674 4665 1735 4702 ma·

182 4741 224 4817 gis
240 4743 327 4797 etiam
341 4740 452 4796 indicat
466 4738 620 4796 alterNaxi
633 4759 739 4796 numus
753 4759 769 4795 u
783 4741 951 4797 Burmanno
964 4737 1073 4814 petitus
1088 4755 1104 4790 a
1118 4737 1314 4794 Torremuzzs
1328 4739 1362 4794 T.
1372 4737 1447 4795 Llll.
1457 4755 1486 4793 n.
1496 4747 1540 4803 3.,
1555 4737 1637 4810 cujus
1650 4755 1733 4794 arer-

182 4851 230 4888 sae
246 4843 335 4909 typus
351 4831 468 4906 egregie
484 4831 575 4904 juvat.
608 4829 685 4887 llinc
702 4849 774 4907 ergo
791 4843 874 4907 patet
894 4847 1015 4886 numum
1036 4827 1183 4903 signatum
1202 4828 1232 4884 in
1252 4829 1381 4905 quadam
1402 4825 1477 4886 urbe
1499 4825 1556 4883 sita
1576 4827 1607 4884 in
1629 4826 1735 4884 eadem

1453 4917 1483 4980 G
