4476 5564
543 417 643 524 ‘nn
684 390 1055 494 ‘rumvm‘rss'
1087 353 1499 494 consessurus
1693 415 1761 508 ml
1894 381 1941 419 ⁶

222 625 292 672 sam
307 609 429 688 quaeso
449 600 647 676 edisserant,
681 617 846 663 curenno
866 599 908 668 V.
930 597 966 664 C.
1087 601 1524 670 impoenitentem
1543 601 1641 670 AVG.
1666 609 1768 682 capes

225 726 306 790 979,
335 723 400 790 quo
430 707 563 766 ineunte
591 699 778 788 Alexander
806 701 969 784 processit
1025 706 1214 792 laureatum.
1230 685 1304 767 ΞῬ.
1319 707 1364 768 Μ.
1384 707 1455 768 ΤΗ.
1468 707 1584 774 nvn.
1601 705 1694 768 COS.
1711 709 1765 772 ltl.

226 806 342 880 consul
361 810 422 882 11..
445 819 478 870 et
495 826 561 891 qno
580 803 709 866 labente
725 823 787 888 per
809 816 878 866 tres
896 803 970 866 iera
1025 803 1063 864 P.
1075 804 1110 864 P.
1134 809 1229 870 Miles
1238 810 1431 894 prodirmsd.
1441 827 1573 882 romum,
1595 829 1618 868 s.
1630 811 1767 870 lostam.
1816 809 1821 816 '

225 908 385 991 integros·
406 928 537 971 menses
566 906 763 970 tribunatum
786 902 891 968 sdlsuc
914 905 969 974 lV.
1026 906 1063 968 ln
1089 903 1170 966 alios
1203 909 1298 972 Miles
1319 918 1408 970 stans
1427 913 1459 972 d.
1485 911 1625 984 Mutum,
1655 931 1682 971 s.
1701 915 1767 990 ely·

227 1010 349 1086 tenuit,
371 1031 534 1092 nunquam
556 1008 684 1092 legator
715 1007 749 1068 in
771 1008 877 1068 onmis
900 1007 970 1068 ott.
1023 1027 1127 1090 psum.
1148 1005 1218 1068 Att.
1425 1079 1430 1089 Ι

227 1113 264 1176 Ρ.
281 1115 355 1188 tv..
380 1111 542 1188 coen„
564 1111 624 1176 ssd
640 1121 827 1174 constanter
847 1111 916 1170 tut.
932 1107 970 1169 P.
1090 1105 1135 1168 Hi
1150 1105 1239 1170 numi
1251 1107 1363 1170 iacent
1374 1111 1555 1174 sententiae
1571 1130 1695 1188 eorum,
1713 1110 1769 1194 qui

227 1217 268 1284 V.
291 1213 386 1280 008.
415 1215 474 1289 ll.,
504 1229 603 1298 atquo
633 1212 750 1275 'eodem
780 1209 906 1272 notione
937 1207 970 1268 iu
1026 1209 1223 1274 tribunatum
1256 1207 1310 1272 die
1346 1210 1444 1272 natali
1478 1211 1608 1294 imperii
1638 1213 1768 1288 iterans,

225 1316 335 1379 nemis
358 1316 490 1400 anniv.
517 1316 554 1379 C.
575 1317 637 1398 oda
660 1335 725 1376 non
753 1313 822 1375 ΤΒ.
845 1310 882 1371 P.
897 1311 970 1380 Vll.
1026 1309 1240 1374 adversentur
1269 1331 1373 1374 moue.
1400 1305 1578 1381 'Videntur
1615 1312 1769 1376 nimirum

227 1416 323 1482 008.
345 1418 402 1479 111.
433 1414 575 1498 demptis
613 1415 718 1476 cumis
750 1414 891 1496 aliquot,
927 1407 970 1476 do
1028 1401 1358 1496 monetarii'quidum
1391 1427 1536 1476 veterem
1575 1417 1770 1478 numerandi

226 1517 344 1602 quibus
367 1519 470 1594 infra,
499 1517 557 1580 sed
581 1536 713 1598 semper
737 1515 805 1574 Tit.
831 1514 866 1574 P.
883 1513 969 1580 Vlll.
1026 1513 1207 1576 tribunatus
1217 1513 1347 1576 modum
1361 1516 1579 1592 resuscitasse,
1599 1515 1686 1600 quod
1701 1532 1770 1580 ton·

226 1617 322 1684 008.
340 1619 420 1685 lll.l
444 1620 573 1716 Quanto
593 1618 723 1701 gravius
741 1635 779 1678 ce
795 1611 971 1676 difficultas
1029 1627 1128 1676 tatum
1147 1633 1377 1696 nonnunquam
1394 1613 1540 1691 ridetur,
1569 1631 1602 1678 ut
1619 1619 1696 1680 alias
1717 1643 1770 1682 ve·

225 1718 706 1806 premstldcdiolsarbum,flui
721 1717 858 1780 notulam
870 1719 972 1797 impe·
1027 1715 1164 1778 risimile
1182 1716 1338 1790 diximus,
1360 1729 1394 1778 et
1411 1717 1615 1782 monebimus
1633 1719 1717 1783 infru
1737 1722 1770 1782 in

224 1823 267 1888 tii
285 1819 463 1888 Alexandri
483 1822 516 1880 iu
528 1821 646 1902 ,ipsum
664 1817 892 1904 Septembrem
910 1813 971 1884 dit·
1026 1815 1238 1884 conclusione
1254 1817 1347 1899 hujus
1364 1819 1532 1882 doctrinae
1548 1819 1574 1894 §.
1594 1819 1649 1888 Ν.

224 1921 308 2000 lert,
331 1943 428 1986 nemo
445 1941 512 1984 non
532 1920 631 1984 videt.
1576 1961 1582 1974 ·

239 2033 246 2042 '
288 2029 330 2090 At
347 2023 508 2087 habentur
519 2019 696 2084 Alexandri
710 2021 800 2088 numi
817 2019 972 2082 rairscts·
1232 2025 1271 2086 tl
1276 2023 1483 2088 ΑΧΙΜΙΝ
1489 2027 1521 2084 V
1524 2023 1561 2084 S.
1607 2099 1613 2112 ο

223 2125 282 2202 rii,
306 2127 362 2210 qui
377 2124 460 2187 nulli
478 2122 739 2186 sesesententiae
755 2119 909 2206 applicari
918 2141 972 2204 ps·
1376 2147 1381 2158 =
1675 2111 1684 2130 ⁹

223 2228 368 2302 liuntur,
391 2227 455 2288 ntis
1089 2221 1307 2305 Exposuimus
1337 2222 1487 2302 inhujus
1516 2235 1645 2286 moneta
1667 2223 1769 2304 litem,

289 2329 379 2392 itte.
400 2330 437 2391 C.
456 2328 500 2390 tt.
517 2325 617 2394 AVB.
637 2325 733 2392 sttv.
750 2323 971 2386 ALEXAND.
1027 2345 1111 2412 quae
1126 2321 1328 2386 eruditorum
1348 2325 1522 2388 sententias
1539 2321 1591 2387 de⁴
1605 2329 1695 2388 annis
1713 2331 1771 2392 im·

226 2427 330 2496 AVG.
368 2433 471 2508 Caput
499 2433 693 2492 laureolum.
736 2422 760 2499 t:
794 2423 969 2486 PONTIF.
1028 2427 1113 2508 perii
1134 2424 1303 2488 Maximini
1328 2425 1490 2501 distraxit,
1523 2427 1601 2489 item
1619 2449 1713 2512 quens
1735 2434 1770 2494 in

226 2532 334 2594 MAX.
355 2533 424 2592 ult.
445 2531 480 2589 Ρ.
499 2528 536 2588 ll.
558 2527 652 2590 COS.
667 2523 706 2592 ll.
728 2527 766 2590 Ρ.
787 2527 826 2589 P.
870 2530 970 2589 Roma
1028 2527 1176 2590 doctrina
1199 2547 1333 2602 eorum,
1358 2529 1412 2610 qui
1436 2527 1617 2604 tribunatus
1642 2530 1694 2593 die
1717 2555 1770 2597 na·

223 2634 485 2716 paleotcsedosss
502 2633 775 2706 rememorandam,
797 2633 969 2704 stastum,
1027 2628 1085 2690 tali
1105 2628 1236 2710 imperii
1259 2630 1396 2704 iterant,
1428 2629 1546 2692 confici
1571 2651 1635 2692 non
1667 2637 1770 2715 possit

224 2737 313 2798 ducti
327 2737 466 2814 clypeus.
489 2731 559 2794 An.
771 2758 777 2770 ¹
1026 2729 1097 2810 ejus
1116 2729 1190 2792 trib.
1214 2744 1356 2812 potestas
1373 2732 1427 2796 IV·
1448 2729 1480 2790 in
1500 2731 1604 2792 numis
1629 2751 1768 2816 exarata,

210 2853 216 2866 ·
289 2834 334 2897 ui
350 2832 562 2914 numineque
580 2829 840 2904 asseruimus,
863 2849 970 2912 neque
1027 2849 1129 2914 quse,
1161 2831 1312 2914 quoniam
1343 2833 1523 2896 sententiae
1546 2853 1622 2894 suae
1645 2855 1680 2895 se
1704 2859 1770 2899 non

225 2935 468 3018 infrequentem
490 2953 565 2994 uum
586 2934 618 2993 in
638 2933 709 2994 solo
727 2949 841 2994 museo
858 2933 973 2993 caess·
1027 2929 1271 3010 adcommodat,
1307 2933 1468 3008 maluere,
1512 2951 1569 2995 eos
1601 2951 1769 3019 suspectos

224 3055 285 3102 reo
305 3037 421 3098 horum
440 3049 578 3116 quatuor
590 3034 822 3118 ''adservantum
852 3029 972 3119 Quem·
1027 3033 1261 3118 pronunciare,
1291 3034 1385 3096 irrito
1415 3053 1492 3096 sane
1515 3047 1650 3111 conatu,
1682 3039 1770 3122 quod

225 3155 354 3220 cunque
379 3135 573 3198 sententiam
590 3137 807 3216 amplectere,
829 3133 972 3196 tribuna·
1028 3148 1137 3198 certae
1168 3148 1243 3197 sunt
1270 3133 1367 3210 fidei,
1396 3155 1504 3218 neque
1533 3137 1768 3223 infrequentes.

226 3251 278 3301 tus
288 3239 413 3302 ll.cum
425 3237 594 3300 consulem
606 3239 650 3300 ll.
665 3233 840 3311 Alexandri
853 3234 971 3298 sociari
1026 3235 1095 3298 Sed
1119 3249 1152 3299 et
1173 3237 1237 3298 alio
1259 3235 1357 3298 modo
1379 3239 1470 3336 numi
1491 3235 1566 3300 huic
1588 3245 1769 3306 sententiae

228 3338 352 3422 coquit.
395 3337 439 3398 At
475 3354 548 3398 cum
585 3334 766 3430 rideamus,
801 3335 835 3394 in
864 3335 971 3397 nomio
1026 3337 1250 3402 adversantur.
1312 3337 1401 3400 Adiit
1436 3339 1629 3403 Maximinus
1667 3343 1771 3428 impe·

229 3435 552 3522 Elsgsbslieandem
571 3435 703 3497 omnino
733 3433 882 3496 exhiberi
899 3457 972 3520 par·
1028 3438 1113 3498 sium
1146 3439 1290 3502 circiter¹
1308 3437 1419 3500 medio
1449 3457 1533 3502 anno
1558 3443 1600 3512 V.
1631 3445 1666 3508 C.
1696 3449 1769 3529 988,

178 3521 184 3538 ¹
226 3555 293 3606 tom
332 3557 499 3611 evomam,
535 3555 629 3618 quam
658 3549 849 3616 praesentes
881 3535 971 3597 numi
1026 3550 1061 3598 et
1081 3537 1237 3618 proximis
1257 3535 1416 3599 Kalendis
1440 3540 1506 3604 lan.
1522 3543 1585 3626 989
1609 3551 1770 3623 processit
1890 3613 1893 3620 ,
1955 3546 1961 3563 ’

224 3641 392 3717 offerunt,
415 3637 608 3702 docebimur
630 3635 803 3712 continuo,
828 3637 915 3718 quod
937 3631 984 3698 et'
1027 3637 1159 3713 consul,
1190 3655 1271 3720 ergo
1294 3637 1321 3697 is
1340 3659 1443 3722 nsque
1465 3641 1506 3702 ad
1521 3643 1689 3706 dimidium
1712 3669 1770 3730 po.

225 3745 305 3809 sliss
323 3745 443 3806 iactum
460 3742 625 3810 nouimus,
657 3738 874 3813 monetarios,
896 3756 975 3800 cuns·
1029 3737 1177 3834 etprioris
1191 3739 1286 3820 liujus
1305 3741 1377 3801 snni
1390 3741 1567 3803 secundum
1583 3743 1687 3809 dictae
1697 3771 1770 3811 sen·

98 3837 105 3862 ⁸
224 3845 405 3910 Alexandri
433 3863 552 3906 recens
588 3839 628 3904 sd
659 3838 831 3922 imperinm
864 3837 972 3902 erecti
1030 3840 1149 3922 tentiae
1179 3853 1334 3924 patronos
1364 3841 1471 3905 lueret
1503 3845 1575 3906 ΤΗ.
1602 3849 1639 3907 P.
1673 3851 1769 3916 COS.

225 3967 341 4010 motos
357 3945 641 4029 deproperas-ent.
659 3955 790 4006 veteres
813 3939 971 4024 Elagalta·
1027 3943 1071 4004 At
1092 3943 1180 4006 coins
1203 3945 1388 4007 consulatus
1408 3943 1442 4004 in
1472 3943 1543 4028 ejus
1564 3949 1669 4012 numis
1691 3973 1772 4015 nnn·

131 4125 136 4132 ι
226 4049 252 4112 li
273 4048 427 4114 matrices
453 4043 632 4110 Alexandri
658 4043 754 4127 capiti
778 4043 972 4128 applicasse.
1027 4063 1124 4132 quam
1147 4064 1220 4111 curn
1244 4045 1408 4110 tribunatu
1435 4044 1585 4131 simplice
1613 4051 1770 4136 jungitur.

84 4153 93 4173 .
228 4151 358 4217 Rem,
388 4148 484 4231 huju.
519 4148 654 4236 facies„
675 4149 770 4230 'quam
807 4146 843 4207 lsi
880 4145 971 4208 numi
1026 4145 1123 4214 Vnde
1146 4147 1311 4229 sequitur.
1343 4149 1546 4214 simul-eum
1570 4157 1770 4236 processisse
1854 4135 1859 4144 ⁸

226 4265 408 4321 ostentant.
439 4249 600 4332 musmodi
626 4262 694 4324 est,
722 4249 826 4334 dualis
854 4249 886 4309 in
913 4259 990 4308 nn·t
1028 4247 1215 4325 consulem,
1237 4251 1332 4313 simul
1356 4251 1553 4316 tribonstum
1576 4253 1770 4346 duplicasse.

226 4355 289 4416 suis
305 4353 406 4418 certis
421 4354 529 4434 primo
546 4351 617 4435 ejus
633 4369 717 4414 enno
737 4349 871 4432 signatis
895 4351 972 4414 oon·
1027 4351 1225 4416 Maaaoleno
1242 4365 1310 4418 torn
1329 4354 1456 4418 habebo
1472 4355 1589 4434 tidem,
1620 4379 1695 4423 cum
1713 4351 1771 4425 mi·
1847 4424 1849 4434 ,

225 4454 373 4538 spicitur.
699 4509 701 4516 ⁴
1028 4451 1063 4514 lsi
1078 4453 1260 4520 ostenderit
1271 4475 1389 4522 numos
1407 4477 1482 4520 cnm
1499 4461 1568 4522 Tit.
1588 4459 1631 4521 Ρ.
1641 4465 1681 4526 ll.
1700 4465 1771 4528 nul·

289 4553 396 4618 Multo
411 4551 462 4615 luis
479 4553 686 4620 molestiores
701 4565 776 4619 suut
795 4553 888 4624 mut
901 4551 971 4618 bini
1027 4553 1200 4638 lasdjects
1214 4559 1401 4623 consulatus
1417 4560 1481 4642 jum
1500 4558 1572 4624 initi
1593 4565 1769 4639 mentione.

227 4656 518 4722 muscicsesarei's
904 4722 909 4742 ,
1027 4677 1070 4725 cx
1093 4679 1159 4742 quo
1178 4671 1304 4744 pateat,
1334 4679 1393 4726 eos
1412 4681 1508 4726 cusos
1531 4683 1550 4727 a
1572 4661 1682 4736 etex.
1703 4669 1769 4732 De·
