4404 5564
397 671 400 680 Ι
518 583 568 655 u
960 647 962 651 ,
1094 561 1533 650 ΑΒΒΕΝΒΑ,
1640 585 1645 603 ·

523 717 749 820 douiaereges
765 729 916 796 dicuntur
930 704 1082 814 dieasse.
1095 731 1143 816 (in
1159 733 1260 798 Claro·
1314 799 1317 806 ,
1378 729 1598 802 AEROPVS.
1612 733 1651 800 ll.
1675 729 1788 799 Oresti
1808 752 1915 815 puero
1935 731 2071 798 Arche·

387 859 390 868 ⁴
520 839 596 902 nico
616 858 650 921 p.
674 858 720 902 m.
738 837 780 898 50
803 846 836 896 et
852 836 921 918 57.)
967 837 1005 896 lu
1030 836 1259 900 vetustioribus
1317 821 1450 897 laililio
1481 833 1573 920 datus
1596 843 1684 896 tutor
1703 833 1864 916 pupillum
1885 833 2070 912 inter-doit,

522 929 642 1002 lustini‘
669 935 863 1000 editionibus
892 935 991 1019 vulgo
1014 936 1136 1020 legitur
1159 939 1263 999 Euro·
1320 949 1353 998 et
1373 935 1443 1019 ipse
1462 947 1592 1020 regnat.
1614 932 1768 1015 (Diodor.
1789 936 1829 998 1..
1845 937 1932 1006 XIV.
1950 938 2072 1020 c.37.)

518 1061 611 1124 pus,
637 1059 679 1102 ex
705 1060 768 1124 qua
791 1036 871 1100 falsa
894 1037 1036 1102 lectione
1057 1059 1152 1101 error
1168 1036 1263 1100 fluxit
1319 1037 1472 1120 Agesilao
1489 1035 1528 1098 ab
1546 1034 1752 1118 expeditione
1769 1035 1910 1105 Asiatica
1929 1036 2073 1114 reduci,

522 1140 559 1201 in
581 1141 746 1223 catalogos
763 1159 879 1224 regum
892 1139 1103 1207 Macedoniae
1127 1162 1145 1202 a
1165 1139 1261 1204 variis
1320 1151 1353 1200 et
1389 1157 1450 1220 per
1481 1135 1705 1199 Macedoniam
1747 1135 1878 1200 domum
1915 1139 2077 1202 tendenti

521 1240 681 1326 vulgatos.
705 1241 759 1322 (L.
773 1241 835 1310 Vll
853 1241 940 1320 cc.)
962 1241 1005 1301 At
1024 1240 1086 1322 jam
1110 1239 1263 1306 viderunt
1320 1238 1505 1303 adversatus
1522 1233 1679 1321 primuni,
1701 1237 1820 1302 deinde
1840 1260 1915 1303 cum
1933 1240 2074 1324 hospite

522 1341 652 1420 eruditi,
678 1343 731 1408 hic
749 1340 1068 1426 quoquelegendum
1096 1345 1264 1424 Aeropus.
1319 1339 1433 1404 faedus
1454 1339 1522 1401 init.
1554 1339 1707 1422 (Polyen.
1730 1341 1828 1406 Strat.
1845 1341 1938 1408 Ltll.
1957 1343 2077 1424 c.s7.)

523 1446 702 1528 Perperam
729 1443 808 1506 item
830 1442 883 1506 hic
908 1462 968 1504 rex
993 1442 1026 1502 in
1049 1443 1263 1527 panegyrico,
1320 1424 1480 1506 Mensulis
1501 1453 1536 1503 et
1555 1438 1735 1506 lucernalis
1750 1441 1947 1507 fabricandis
1969 1443 2076 1506 sedu-

522 1567 619 1634 quem
647 1545 804 1608 Nazarius
827 1539 1023 1606 Constanino
1056 1544 1142 1626 Aug.
1168 1543 1264 1622 dixit,
1320 1544 1385 1606 lam
1415 1541 1544 1634 dedisse
1573 1565 1707 1628 operam
1728 1556 1837 1606 narrat
1857 1544 2073 1608 Plutarchus.

520 1663 656 1716 uocatur
681 1649 819 1728 Eropus.
843 1646 936 1727 (Cap.
954 1644 1022 1723 ao.)
1055 1644 1163 1728 Atque
1184 1649 1265 1710 haec
1323 1645 1372 1726 (in
1388 1646 1536 1706 Demetr.
1550 1665 1582 1726 p.
1597 1644 1687 1725 897.)
1714 1644 1874 1730 Regnavit
1895 1667 2000 1710 annos
2018 1649 2074 1716 Vl

522 1765 634 1814 nostra
655 1747 755 1813 lectio
771 1745 940 1829 praeclare
959 1744 1168 1808 confirmatur
1181 1760 1269 1810 utro·
1324 1744 1477 1830 (Diodor.
1500 1745 1586 1828 he.)
1616 1756 1649 1806 et
1676 1747 1815 1810 moritur
1846 1747 1889 1814 V·
1907 1749 1944 1814 C.
1973 1747 2076 1812 circi·

525 1874 588 1937 que
612 1851 675 1914 hoo
699 1868 816 1924 numo,
853 1867 950 1929 quem
979 1866 1087 1907 coram
1116 1839 1266 1915 stitimusJ
1322 1847 1467 1929 terddq.
1527 1841 1530 1853 ’

524 1957 575 2018 Ex
597 1969 661 2036 quo
678 1961 789 2030 suapte
805 1959 910 2030 patet,
935 1946 969 2006 in
985 1947 1142 2012 vocabulo
1158 1953 1267 2012 Aero-
1384 1949 1493 2030 Atque
1513 1945 1590 2008 huic
1610 1944 1746 2030 Aeropo
1769 1967 1886 2010 numos
1907 1947 1969 2011 hos
1991 1969 2070 2014 esse

518 2077 584 2138 pus
613 2052 741 2137 priores
767 2051 879 2112 literas
908 2069 949 2112 ae
976 2068 1043 2112 nou
1076 2069 1148 2112 esse
1174 2049 1268 2134 diph-

523 2171 675 2238 tongum,
709 2151 768 2215 sed
793 2149 932 2213 diaeresi
953 2149 1163 2233 separandas,
1189 2151 1265 2216 scri-

522 2255 633 2322 bendo
658 2253 809 2316 nimirum
839 2253 1006 2334 Aeropus.
1033 2253 1186 2315 Ceterum
1211 2275 1266 2316 ne·

524 2377 617 2422 cesse
634 2378 701 2420 nou
714 2369 764 2419 est
780 2354 968 2429 admonere,
981 2351 1112 2415 modum
1130 2353 1266 2416 AEPO·

522 2454 591 2522 ΠΟ
613 2478 687 2522 esse
706 2457 867 2534 eundem,
893 2475 988 2539 quem
1003 2455 1065 2537 jam
1080 2455 1112 2514 in
1128 2455 1265 2518 aliorum

522 2558 734 2626 Macedoniae
762 2577 878 2639 regum
909 2557 1014 2618 numia
1043 2555 1164 2638 scripto
1190 2555 1265 2618 AP-

522 2654 708 2736 xaAA0‚
745 2651 1030 2720 ΑΛΕΞΑΝΔΡο
1057 2670 1118 2721 eta.
1154 2644 1265 2721 oster·

459 2765 463 2774 ’
523 2760 679 2825 ravimus.

588 2861 745 2942 Superest
760 2854 944 2939 inquirere,
962 2855 1012 2920 adi
1026 2878 1123 2942 quem
1141 2880 1183 2923 ex
1197 2861 1268 2945 plu·

1321 2047 1529 2123 tribuendos,
1560 2046 1700 2110 dubitari
1728 2047 1851 2130 nequit.
1898 2051 2068 2116 Esuriens

1321 2150 1515 2215 Dodwellus
1536 2147 1569 2208 iu
1593 2149 1658 2212 suis
1680 2148 1831 2213 Annalib.
1849 2151 1998 2236 Thucyd.
2024 2153 2068 2218 ad

1323 2274 1397 2318 aun.
1426 2265 1500 2314 ante
1535 2250 1610 2314 Chr.
1633 2254 1706 2325 454.
1743 2250 1897 2315 audacter
1926 2255 2068 2330 adserit,

1323 2369 1357 2418 ct
1388 2353 1542 2418 Orestem
1564 2352 1743 2436 pupillum,
1774 2366 1808 2415 et
1827 2352 1996 2437 Aeropum
2016 2369 2070 2418 tu·

1322 2470 1428 2520 torem
1461 2475 1502 2517 ex
1530 2473 1645 2537 regum
1674 2437 1885 2518 Macedoniae
1915 2457 2066 2542 catalogo

1324 2577 1396 2622 esse
1435 2554 1629 2639 ejiciendos,
1666 2553 1804 2639 quinat
1833 2556 2003 2642 Aeropum
2031 2573 2067 2623 et

1322 2659 1521 2722 Archelaum
1552 2675 1652 2718 unum
1680 2657 1753 2718 esse
1782 2656 1987 2746 eundemque
2013 2681 2068 2724 re·

1324 2781 1410 2846 gem.
1440 2757 1661 2822 Temerariasu
1676 2757 1741 2824 viri
1761 2757 1881 2822 eruditi
1900 2759 2067 2824 conliden-

1324 2864 1400 2926 tiam
1431 2861 1495 2944 jam
1524 2861 1722 2944 argumentis
1752 2859 1914 2924 historicis
1946 2863 2067 2928 evertit

522 2959 614 3024 ribus
623 2959 790 3041 Aeropum
804 2956 839 3018 hi
854 2958 1144 3042 numipertiueant.
1161 2962 1268 3026 Omis·
1323 2962 1564 3047 Wesseliugius
1592 2960 1632 3024 ad
1663 2959 1827 3025 laudatum
1848 2962 1989 3027 Diodori
2017 2965 2068 3028 lo-

525 3082 562 3130 so
581 3060 798 3126 vetustissimo
824 3059 900 3136 illo,
927 3080 1024 3142 quern
1043 3063 1192 3124 nonnulli
1206 3062 1268 3144 ipsi
1325 3084 1414 3141 cum,
1456 3077 1487 3126 at
1517 3083 1603 3128 nunc
1630 3063 1733 3140 multo
1762 3083 1836 3128 eam
1865 3064 1986 3127 certius
2020 3067 2069 3128 di·

525 3166 651 3225 Carano
675 3181 852 3238 coaevum,
889 3161 967 3246 quin
996 3176 1030 3226 et
1057 3160 1193 3228 fratrem
1221 3163 1267 3228 sa·
1325 3165 1482 3249 sperdunt
1511 3164 1617 3242 numi,
1647 3185 1787 3250 quorum
1807 3165 1888 3230 alios
1908 3166 2066 3230 habemus

527 3267 635 3342 ciunt,
1293 3293 1296 3298 ¹
1327 3266 1498 3344 Archelai,
1519 3267 1600 3330 alius
1621 3286 1738 3330 recens
1759 3279 1910 3349 repertos
1926 3268 2066 3366 Aesopi.

590 3364 774 3432 AEROPV
776 3364 797 3427 S
823 3366 849 3431 1.
876 3378 1075 3428 memoratur
1099 3364 1139 3428 ab
1164 3369 1271 3430 Hero·

529 3469 625 3547 auo,
647 3467 790 3552 Patttppt
807 3469 832 3531 1.
856 3467 953 3534 atta..
984 3468 1080 3550 (ts.)
1102 3469 1272 3532 consensa
1511 3453 1547 3516 P·
1558 3451 1611 3517 ⁸⁶·
1629 3450 1692 3512 ⁶01·
1705 3466 1735 3513 ²·
1749 3447 1877 3536 influe·

528 3570 684 3647 lustinus,
700 3569 738 3648 (l.
750 3570 795 3650 c.)
809 3573 864 3654 qui
881 3586 914 3634 et
927 3570 1034 3646 addit,
1050 3591 1166 3654 regem
1184 3572 1270 3634 hunc
1391 3573 1510 3638 Nactus
1528 3585 1577 3636 est
1592 3568 1727 3634 illustris
1744 3569 1798 3636 hic
1814 3571 1990 3640 Pausaniae
2010 3597 2070 3642 utt-

529 3671 633 3735 adhuc
667 3671 822 3733 infantem
848 3671 939 3736 bello
963 3671 1095 3754 Illyrico
1120 3672 1153 3733 in
1179 3671 1269 3735 cunis
1326 3698 1397 3742 mus
1419 3689 1594 3760 argenteus
1614 3671 1767 3736 comitem
1788 3693 1937 3739 aeneum.

528 3784 786 3855 praegestatum,
825 3772 960 3858 ejusque
992 3771 1176 3857 praesentia
1206 3772 1273 3836 ani·
1395 3779 1501 3856 Caput
1513 3777 1660 3856 juvenile
1671 3777 1906 3840 diadematum.

529 3888 633 3938 santos
667 3871 863 3938 Macedonas
900 3875 1059 3958 insignem
1102 3874 1269 3938 victoriam
1327 3873 1635 3942 ΞΠΑΤΣΛΝΙΑ.
1658 3877 1728 3940 Leo
1753 3877 1912 3942 dimidius
1932 3879 2067 3952 saliens.

528 3989 727 4058 reportasse.
772 3976 907 4038 Factum
929 3975 1016 4037 istud
1041 3975 1146 4040 refert
1172 3975 1269 4048 etiam
1324 3981 1395 4050 att.
1415 3982 1471 4044 111.

529 4076 676 4140 laudatus
689 4077 962 4157 supraNazarius.
977 4077 1096 4141 Fertur
1113 4100 1268 4163 regnasse
1387 4081 1471 4142 Eum
1510 4078 1608 4142 abbas
1651 4078 1799 4141 Sestiana
1830 4098 1872 4139 ex
1901 4079 2066 4166 locuplete

531 4199 631 4244 annos
651 4178 772 4244 XXVI.
788 4178 904 4272 relicto
919 4199 1108 4244 successore
1127 4179 1197 4243 filio
1213 4181 1270 4244 st·
1324 4201 1437 4244 museo
1459 4180 1642 4244 Cousinerii
1664 4177 1775 4246 edidit.
1796 4181 1948 4263 (Lattara
1969 4187 2065 4255 Tum.

399 4269 407 4302 ⁸
465 4345 467 4349 ,
530 4279 794 4350 cotasecundum
813 4281 1018 4346 Herodotum
1033 4295 1065 4343 et
1078 4281 1268 4359 Eusebium,
1324 4282 1368 4349 V.
1386 4305 1417 4365 p.
1429 4281 1514 4347 Vlll.
1528 4283 1600 4365 lx.)
1631 4286 1872 4372 Integerm'mmi
1894 4285 1988 4369 hujus
2008 4309 2067 4351 nu.

443 4412 447 4417 ·
530 4406 612 4469 quos
633 4383 817 4460 citavimus,
850 4397 885 4452 at
915 4382 1092 4448 secundum
1113 4385 1269 4446 lustinum
1326 4383 1372 4446 mi
1402 4381 1564 4449 beneflcio
1592 4385 1771 4454 illustratur
1798 4411 1917 4454 numus
1945 4389 2068 4454 similli-

530 4488 669 4570 Amynta
685 4488 710 4551 l.
731 4486 830 4549 Aetas
847 4484 942 4568 hujus
957 4484 1045 4568 regis
1066 4484 1197 4552 niarium
1218 4507 1271 4548 re·
1327 4505 1400 4546 mus
1427 4486 1531 4552 musei
1561 4490 1730 4568 Caesarei,
1767 4513 1865 4574 quem
1894 4491 1969 4576 quis
1996 4513 2068 4574 spe·

532 4603 636 4664 mota,
658 4586 713 4672 qui
732 4601 872 4652 exeunte
895 4588 998 4652 altero
1014 4586 1103 4650 urhis
1121 4587 1270 4652 conditae
1327 4587 1420 4650 etatis
1446 4588 1568 4672 aliquot
1596 4591 1700 4655 literis
1728 4615 1861 4657 mancus
1891 4607 1961 4672 est,
1989 4593 2067 4658 olim

533 4685 665 4752 saeculo
696 4687 782 4754 diem
815 4689 933 4766 obivit,
973 4688 1070 4754 alium
1104 4691 1271 4774 respicere
1327 4687 1415 4750 inter
1437 4688 1581 4756 incertos
1603 4677 1964 4778 edideram.⁸(Calelog.
1985 4716 2066 4762 mut.

535 4789 629 4873 hujus
650 4791 788 4856 nominis
809 4812 923 4875 regom
946 4791 1047 4876 jubet.
1330 4793 1422 4858 Caes.
1435 4793 1561 4855 Torml.
1579 4817 1611 4879 p.
1623 4797 1695 4880 qu.
1712 4810 1745 4860 et
1759 4795 1822 4861 tab.
1833 4798 1888 4862 Ἦ.
1902 4818 1991 4862 num.
2004 4799 2069 4879 so.)
