4482 5560
604 437 679 514 uu
725 435 1035 516 consuunt
1078 431 1380 512 causante.
1638 545 1647 552 ·
1703 443 1774 508 ass

236 616 390 688 Claudius
420 617 599 704 Agrippam
630 621 773 688 Herodis
802 619 848 684 tt.
878 639 979 702 nepo·
1034 619 1163 704 perium
1181 613 1342 682 Kalendis
1363 615 1430 678 lan.
1459 607 1644 695 procedere
1666 628 1783 676 corsu-

235 735 302 788 tsm
333 721 390 784 ills
419 720 609 786 decoratum
631 723 734 788 soluit
755 723 804 806 ⁸),
833 742 908 787 cum
931 722 981 786 illi
1036 720 1087 795 les
1103 718 1323 784 consuevisse.
1352 717 1399 783 Vt
1416 735 1481 779 non
1498 733 1675 798 negamus,
1696 713 1784 780 hunc

237 824 301 904 jam
328 834 423 886 antes
453 821 599 908 Caligula
634 823 815 908 impersnte
850 837 983 890 senstus
1038 841 1165 884 morem
1184 819 1532 902 multosisnperatores
1553 837 1625 880 esse
1641 809 1784 898 sec'ntos,

237 925 404 990 Romanus
439 937 630 990 ornaments
665 925 830 1010 praetoris
868 924 982 992 decre·
1037 937 1148 988 samen
1176 934 1302 986 certum
1333 935 1401 998 est,
1437 923 1508 984 eim
1526 919 1686 1004 ¹regulam
1716 936 1786 983 sse·

237 1021 393 1106 stustb).
1038 1026 1111 1110 pius
1135 1023 1267 1090 fallere.
1309 1025 1341 1085 1s
1369 1043 1440 1088 mos
1462 1045 1481 1086 s
1504 1023 1638 1086 Nerone
1659 1035 1783 1088 tractus

303 1124 500 1219 Quaeritur,
521 1139 630 1191 utrum
652 1126 705 1202 lsi,
727 1129 783 1212 qni
807 1125 984 1194 consulari·
1038 1125 1179 1196 ridetur.
1222 1127 1322 1190 Certe
1351 1124 1418 1196 illi,
1448 1124 1504 1208 qni
1530 1126 1681 1208 proxime
1714 1145 1786 1192 soc·

238 1228 300 1310 bps
321 1229 520 1294 ornamentis
548 1229 657 1292 donati
680 1229 794 1308 suere,
822 1249 897 1294 cnm
928 1229 984 1296 de·
1040 1249 1192 1304 cessere,
1239 1227 1360 1303 Galbs,
1398 1227 1634 1308 Vespasisnns,
1678 1227 1784 1308 Titus,
1887 1233 1889 1238 '

240 1333 318 1398 iude
347 1329 500 1394 consules
522 1345 769 1414 processerunt,
798 1333 984 1395 consulatus
1038 1329 1261 1407 Domitisnns,
1309 1331 1418 1393 Nerva
1450 1329 1592 1392 Neronis
1630 1331 1785 1415 exemplo

241 1429 413 1500 numeratis
430 1429 602 1496 auxerint?
645 1435 751 1514 Negst
767 1432 854 1496 istud
869 1433 902 1494 in
919 1432 985 1496 Oc·
1041 1432 1199 1516 proximis
1222 1429 1380 1494 Kalendis
1410 1433 1476 1494 lan.
1499 1430 1702 1496 consulatum
1727 1433 1789 1494 ini·

239 1537 368 1603 tariano
390 1531 456 1596 Dio
480 1533 521 1616 c).
564 1533 645 1597 Nam
668 1551 742 1596 cum
766 1535 821 1599 hio
843 1534 983 1618 primum
1041 1553 1133 1596 vere.
1183 1529 1281 1626 Quod
1312 1551 1386 1594 cum
1415 1531 1573 1616 Traianos
1598 1533 1787 1597 laciendum

240 1648 431 1704 oensmenta
460 1634 661 1711 consularis,
697 1647 732 1697 ut
762 1637 916 1700 continuo
938 1633 986 1696 di·
1041 1655 1107 1698 nott
1117 1646 1271 1718 putasset,
1287 1633 1367 1696 dixit
1377 1633 1503 1694 Plinius
1519 1634 1568 1716 d)=
1592 1638 1687 1700 s'rss'ts'o
1694 1642 1787 1716 priss-

241 1741 366 1816 ximns,
389 1757 426 1802 oc
443 1735 552 1819 paullo
569 1736 858 1817 postconsulatum
878 1736 983 1821 ipsum
1041 1740 1167 1816 miratus
1184 1739 1384 1798 comiatum
1404 1737 1576 1810 recusasti,
1598 1755 1690 1817 quem
1707 1743 1789 1800 nous·

244 1839 448 1914 abstulisset,
468 1857 535 1899 non
553 1852 659 1901 tsmen
682 1837 768 1900 ltunc
784 1836 984 1906 ambitiosius
1003 1881 1007 1894 .
1043 1841 1250 1917 imperotores
1273 1840 1466 1898 destinatum
1487 1838 1615 1930 attissa
1636 1857 1671 1900 se
1685 1849 1791 1902 tross-

245 1939 422 2008 secundnm
446 1937 583 2001 vocarit.
628 1939 743 2002 Statim
776 1959 857 2002 rero
887 1938 985 2020 subji·
1039 1940 1198 2018 serebant.
1240 1935 1292 1996 Ex
1305 1935 1383 2019 ipsis
1400 1951 1480 2016 ergo
1494 1933 1545 1998 his
1562 1934 1662 2000 Plinii
1677 1937 1787 2002 serbis

241 2043 286 2110 oit
307 2055 440 2118 suntor,
471 2039 558 2102 istud
585 2039 620 2100 in
641 2039 800 2104 similibus
829 2040 985 2124 deinceps
1042 2037 1106 2121 jsm
1138 2039 1215 2100 satis
1246 2035 1356 2099 elucet
1387 2035 1441 2099 hic
1470 2055 1542 2098 mos
1571 2037 1724 2118 jamtum
1746 2041 1788 2106 als

242 2143 395 2210 omnibus
425 2160 529 2225 osque
556 2139 600 2238 psl
628 2161 686 2207 sna
716 2153 864 2226 tempora
885 2141 987 2206 fuisse
1043 2137 1295 2224 imperatoribus
1325 2135 1495 2201 observari
1526 2140 1658 2218 solitos,
1698 2146 1788 2229 quod

243 2245 469 2318 clsserrstum,
499 2241 640 2324 primum
662 2255 771 2306 antem
805 2242 907 2305 luisse
929 2241 989 2304 Se·
1045 2243 1143 2301 etiam
1173 2236 1344 2302 confirmat
1371 2239 1559 2320 Spartianus
1583 2242 1722 2328 loquens
1746 2246 1789 2312 de

242 2363 375 2418 rerum,
399 2343 604 2426 quimorem
629 2348 774 2410 mutarit.
817 2345 897 2406 Nam
913 2363 988 2408 cum
1046 2341 1143 2404 Aelio
1173 2342 1313 2404 Caesare
1342 2362 1419 2404 mcc
1442 2343 1556 2406 consul
1574 2359 1719 2424 meatus,
1759 2362 1792 2414 et

243 2447 449 2510 Plautianum
464 2445 602 2528 primum
620 2447 671 2511 ltis
693 2445 910 2524 ornamentis,
933 2443 989 2510 sle·
1046 2447 1125 2526 qos‘o
1141 2455 1214 2506 mot
1226 2447 1396 2522 deputatus
1413 2445 1564 2523 imperio,
1587 2451 1702 2512 iterum
1715 2469 1791 2516 com·

244 2547 593 2630 indeipsoconsulntu
613 2547 782 2622 donasset,
805 2569 880 2610 enm
897 2547 990 2614 velot
1044 2547 1369 2624 sssldest‘pssotusest.
1412 2545 1490 2605 Post
1506 2547 1678 2628 Trsjsnum
1694 2549 1792 2616 foere

245 2649 363 2714 iterum
382 2647 551 2711 consulem
566 2649 752 2714 renunciari
761 2649 920 2738 jussisse,
941 2649 989 2714 id·
1046 2663 1111 2706 ¹¹⁰⁰
1138 2643 1249 2727 Pflucls
1284 2645 1339 2728 qul
1360 2643 1399 2706 ab
1421 2663 1461 2707 ⁰⁰
1487 2645 1685 2727 lllwwere,
1708 2675 1791 2736 quos

245 2747 437 2835 quadrinde
455 2749 495 2814 sb
511 2749 582 2816 aliis
597 2770 727 2836 quoque
742 2751 842 2815 fuisse
856 2753 988 2816 l'sctum.
1046 2744 1182 2830 collegit
1204 2744 1419 2808 Maccolcnns
1435 2749 1484 2831 ο),
1508 2761 1542 2811 et
1563 2750 1676 2816 ridere
1696 2769 1792 2840 potos

246 2857 371 2916 'ramea
386 2853 568 2914 Macrinum
590 2852 672 2916 inae
695 2871 815 2918 novum
835 2855 922 2920 {arud
942 2855 991 2920 in.
1045 2846 1079 2908 in
1096 2845 1195 2908 fastis.
1238 2848 1360 2912 Dicere
1376 2869 1458 2932 ergo
1474 2871 1646 2934 possumus
1659 2875 1789 2922 morem

243 2953 389 3018 asinanum
413 2953 583 3024 obaemri
604 2955 771 3036 noluim,
792 2955 933 3023 digimu,
954 2957 987 3021 iu
1045 2945 1317 3032 multisplaoitnm
1334 2951 1597 3044 imperatoribus,
1616 2956 1792 3026 sedminns

244 3053 313 3137 ujus
332 3055 449 3120 numia.
1046 3047 1207 3116 concinne
1229 3052 1389 3138 regulam.

1108 3149 1244 3216 Factum
1261 3157 1380 3230 etiam,
1401 3168 1439 3218 ut
1454 3156 1671 3242 imperatores
1686 3167 1794 3234 vario·

567 3259 595 3336 ς,
617 3258 672 3328 vl.
1046 3273 1121 3318 runs
1142 3256 1326 3323 solennium
1345 3277 1441 3324 causa
1464 3261 1668 3327 consulatum
1687 3289 1796 3334 sume·

1046 3370 1132 3420 rent.
1175 3359 1228 3422 De
1244 3361 1394 3444 Augusto
1412 3360 1535 3426 diserte
1551 3365 1727 3435 Suetonius
1751 3369 1791 3458 ί),

314 3459 419 3542 Supra
445 3461 472 3537 §-
497 3461 537 3522 11.
568 3479 678 3524 causas
704 3457 877 3525 nonnullas
906 3460 994 3540 dedi,
1050 3461 1185 3541 petiisse
1201 3479 1275 3522 enm
1291 3463 1493 3527 consolatum
1513 3455 1795 3556 x111.espnataa'·

248 3581 331 3648 qoas
362 3561 581 3646 imperatores
614 3562 655 3625 sd
690 3561 893 3627 consulatum
922 3565 993 3631 sive
1051 3580 1158 3634 mum,
1188 3573 1223 3622 ut
1246 3561 1359 3645 Csjum
1382 3577 1416 3630 et
1442 3566 1582 3630 Lucium
1606 3567 1693 3637 lilios
1728 3593 1794 3638 snt·

248 3663 511 3749 suscipiendum,
541 3663 609 3726 sire
640 3662 912 3749 frequentsndnm
940 3685 995 3748 ge·
1049 3661 1197 3745 plissimn
1215 3664 1382 3744 prseditns
1400 3669 1589 3747 msgistratn
1609 3691 1669 3734 sno
1683 3695 1795 3760 qnem-

247 3769 388 3836 tteratim
426 3765 601 3849 impulere.
652 3767 697 3830 Aa
729 3787 816 3830 nnnc
847 3769 994 3830 curatius
1051 3781 1115 3846 que
1133 3762 1294 3842 tyrocinio
1308 3765 1489 3830 deduceret
1513 3768 1546 3828 in
1568 3769 1689 3836 forum.
1732 3779 1795 3839 im·

249 3867 498 3954 explicandam,
528 3888 611 3954 quae
637 3867 760 3936 inerint
779 3887 911 3944 csusae,
933 3888 995 3932 cur
1050 3877 1221 3950 pecatores
1247 3863 1349 3928 inlimi
1373 3866 1465 3948 aeri,
1495 3869 1609 3932 saltem
1634 3891 1709 3954 eos,
1738 3881 1795 3962 qui

250 3993 365 4037 eorum
392 3971 501 4035 multis
529 3972 707 4054 placuerit,
740 3983 833 4034 certo
853 3970 994 4056 quodam
1052 3965 1200 4030 Orientis
1223 3969 1375 4032 eonsules
1400 3969 1479 4034 dicti
1502 3971 1617 4051 lucre,
1644 3979 1689 4040 sit
1708 3981 1795 4048 The·

249 4094 334 4136 suno
349 4075 517 4157 suscipere
532 4073 747 4138 consulatum.
791 4073 881 4137 inter
897 4093 994 4158 regu·
1049 4069 1195 4144 mistica,
1226 4069 1314 4134 istud
1338 4071 1401 4134 sibi
1427 4093 1559 4156 sempor
1585 4076 1795 4150 devitandam

251 4176 298 4239 lss
314 4175 481 4260 hypaticas
508 4197 526 4238 a
552 4174 654 4256 Pugio
677 4175 866 4242 constitutas
888 4180 994 4260 prims
1051 4171 1272 4250 existimasse,
1294 4187 1372 4239 utne
1390 4175 1641 4264 quinquennali,
1664 4197 1718 4248 ant
1739 4185 1795 4252 da.

251 4289 320 4354 est,
342 4279 508 4364 principes
524 4279 683 4361 proximis
700 4293 775 4365 post
799 4279 921 4346 editum
935 4281 996 4344 ins·
1051 4275 1181 4342 ocndsli
1198 4289 1348 4342 vertente
1360 4279 1525 4346 curriculo
1541 4303 1616 4348 enm
1627 4263 1795 4372 magistra·

252 4477 1793 4518 *mvi-snud-
1810 4507 1814 4515 .

276 4621 324 4692 ..)
342 4619 527 4682 atauus.
547 4624 614 4694 nn.
687 4619 1030 4686 sustinuissemus.
1053 4581 1216 4700 pansas.
1298 4627 1327 4698 a>
1347 4623 1500 4690 uxum.
1521 4631 1546 4702 a.
1564 4629 1611 4694 aa.
1692 4631 1727 4710 a)
1746 4635 1798 4696 ρ..

247 4723 424 4786 neg.c.57.
496 4711 527 4782 s)
545 4707 570 4772 l.
589 4729 721 4787 saepen
741 4731 772 4790 p.
793 4721 856 4778 lat.
928 4713 1100 4791 ncepta
1221 4711 1228 4722 '

1488 4799 1593 4870 T'to
