4440 5550
371 455 375 475 ι
468 455 518 516 ,30
971 424 1442 516 cons'sANTIst
1479 425 1528 498 M.

471 617 622 698 uitaeque
640 612 752 672 lusum
778 629 887 672 amare
912 608 1119 692 perstrinxit,
1148 619 1215 667 tum

473 733 506 780 et
529 737 651 780 comam
677 713 873 802 muliebrem
901 711 933 770 in
965 710 1097 774 modurn
1124 729 1218 770 orna·

474 836 559 893 tam,
591 832 624 878 et
647 805 730 898 puae
761 815 807 874 ibi
829 813 891 874 alia
910 811 943 872 id
967 833 1069 896 genus
1095 811 1218 895 probra

473 923 566 984 reiut
593 921 625 978 in
644 915 895 997 Sardanapalum
917 914 1057 997 aliquem
1077 915 1219 996 maligne

372 1085 376 1092 ,
476 1021 605 1106 despuit
621 1024 661 1100 ¹).
706 1018 882 1082 Conlirmat
894 1017 1017 1080 isthaec
1035 1015 1221 1078 Chronicon

474 1117 750 1196 Alexandrinum,
781 1141 845 1204 quo
878 1132 961 1180 teste
994 1118 1221 1180 Constantinus

477 1224 623 1300 omnium
650 1227 785 1304 primas.
798 1226 874 1285 tulit
899 1225 1048 1284 diadema
1076 1231 1222 1284 orrsalam

477 1328 686 1406 rsearparilis,
712 1325 854 1407 aliisque
879 1323 1030 1406 pretiosis
1052 1311 1222 1404 lapidib'usa

479 1428 656 1508 synesius,
687 1445 760 1486 cum
783 1427 815 1486 in
847 1445 943 1486 auree
974 1445 1029 1486 sua
1050 1445 1117 1503 repr
1139 1427 1223 1494 βασι-

413 1539 416 1548 “
479 1534 565 1602 λειας
582 1527 729 1588 oratione
750 1527 900 1590 libertate
920 1525 993 1608 plus
1009 1547 1101 1608 quam
1124 1524 1233 1585 Grae·

478 1649 516 1690 ce
548 1628 695 1700 Arcadii,
726 1642 759 1688 et
790 1629 859 1710 ejus
897 1627 1009 1691 aetatis
1040 1626 1234 1710 principum

477 1731 591 1792 luxum
623 1717 861 1812 destringeret,
890 1730 923 1789 in
947 1730 1028 1792 haee
1057 1727 1154 1790 res-bs
1178 1728 1225 1789 lo·

417 1879 422 1886 .
479 1833 590 1915 quitur
620 1830 801 1913 interprete
841 1832 977 1918 Peterin
1002 1827 1053 1912 ¹¹):
1088 1851 1226 1914 qaenam

373 1997 386 2016 „
480 1947 618 2015 tempore
634 1938 795 1996 Romanae
808 1955 859 1995 res
874 1936 988 1994 melias
1002 1935 1226 1994 seaebabaisse

478 2037 603 2118 pratas?
624 2057 698 2096 nam
716 2053 758 2096 ee
773 2057 835 2117 prce
848 2035 1020 2112 purpurati
1034 2043 1065 2094 al
1081 2035 1227 2092 inaurati

481 2143 574 2210 estis,
597 2139 789 2218 lapillisque
805 2157 846 2198 aa
868 2139 1027 2198 moralibus
1045 2144 1078 2196 et
1091 2137 1226 2195 barbara

474 2243 565 2302 mari
579 2241 743 2320 quaesitas
760 2241 844 2299 alies
861 2239 1037 2309 redimitis,
1059 2239 1143 2299 alias
1157 2237 1228 2296 sasb-

475 2343 618 2420 1Ιι’9ιιὶι“ι,’
642 2341 727 2400 alias
752 2341 897 2418 ampitio,
929 2341 1013 2399 alias
1036 2339 1227 2415 appenditie,

482 2429 742 2520 aliasfibalalis,
766 2443 849 2502 aliar
864 2439 1037 2500 irridetis?
1076 2440 1125 2498 Ne
1147 2456 1227 2499 vero

481 2540 751 2621 intemperantius
784 2537 953 2603 videretur
984 2537 1174 2611 locutus,'
1164 2559 1228 2618 Jam

482 2663 578 2724 snpra
596 2639 814 2703 offensionem
831 2639 944 2703 vitarit
958 2639 1021 2700 hoe
1046 2659 1121 2700 usus
1136 2653 1231 2723 prae·

441 2769 449 2794 ·
482 2743 596 2826 loquio
614 2746 642 2822 ο)
654 2763 662 2802 ι
685 2747 754 2806 Nee
766 2745 851 2802 enim
864 2743 954 2803 istud
965 2751 1022 2802 aaa
1036 2747 1131 2820 calpa
1148 2764 1231 2806 cem·

484 2848 630 2917 misseris,
653 2847 710 2905 sed
720 2861 837 2913 aarum,
853 2845 910 2923 qui
918 2845 1018 2920 primi
1026 2846 1127 2904 morbi
1142 2847 1231 2905 illias

484 2956 629 3014 auctores
643 2949 848 3016 exstiterant,
867 2951 1049 3025 pestemque
1062 2965 1133 3006 eam
1150 2966 1233 3008 rum·
1252 2983 1256 2995 ι

485 3067 535 3108 risa
550 3049 584 3108 ia
590 3048 695 3126 pretio
708 3046 849 3106 babilam
858 3054 1031 3122 temporam
1040 3047 1235 3108 successioni

486 3153 695 3210 tradiderant.
721 3143 847 3236 Quibus
863 3142 971 3206 verbis
993 3143 1234 3228 sugillariCon·

487 3251 678 3322 stantinum,
714 3267 755 3309 ex
785 3245 883 3306 modo
915 3246 1011 3309 dictis
1042 3244 1155 3331 colligi
1176 3268 1234 3331 po·

487 3365 559 3414 test.

552 3449 799 3517 Observandum
821 3447 963 3534 denique
991 3463 1086 3534 caput
1104 3450 1134 3534 ip
1160 3469 1234 3513 eoe-

489 3531 555 3614 lum
572 3553 722 3628 intuens,
745 3553 841 3635 quale
859 3572 958 3634 saepe
977 3551 1010 3613 in
1032 3555 1139 3616 eureis
1163 3554 1233 3636 ejus

489 3679 544 3719 aro
528 3655 717 3752 cnteisque
735 3658 842 3716 saumis
860 3655 1021 3732 occurrit,
1046 3657 1136 3719 nullo
1155 3659 1235 3720 alte·

490 3785 527 3822 so
553 3774 626 3822 sate
653 3778 690 3820 so
716 3771 829 3840 postes
850 3757 1015 3840 exemplo.
1059 3759 1234 3824 Audiamus

490 3867 698 3976 scriptorum
706 3857 747 3920 de
771 3861 835 3921 boc
852 3859 1002 3943 corporis
1019 3859 1129 3924 habitu
1154 3861 1237 3942 judi·

490 3969 552 4028 cia.
580 3967 630 4026 Ac
649 3961 755 4044 primo
781 3961 911 4044 quidem
926 3963 1115 4026 Eusebius
1106 3983 1138 4024 sn
1155 3965 1235 4027 bueo

492 4087 550 4126 isses
553 4065 610 4124 ba.
642 4070 687 4125 Al
700 4083 773 4124 vera
790 4075 914 4144 quanta
930 4069 980 4126 ais
992 4067 1149 4145 ferventis
1159 4069 1239 4147 fidei

419 4149 424 4169 ¹
494 4191 504 4228 ι
504 4188 564 4244 με
575 4166 679 4243 suerii
691 4167 820 4255 anirnee
839 4167 957 4244 infixa,
980 4169 1034 4227 aei
1051 4189 1088 4230 ea
1104 4171 1177 4250 qais
1193 4172 1240 4230 i·a

495 4267 641 4346 lallipat,
664 4246 778 4346 qued
764 4283 800 4322 ιιι
817 4268 922 4325 narnis
938 4270 1047 4329 aureis
1062 4272 1111 4329 ita
1128 4272 1241 4350 inrapi-

473 4389 567 4450 ’esea'
593 4386 684 4428 seam
708 4367 844 4444 exprimi
864 4370 1009 4441 wraail,
1030 4376 1068 4428 at
1083 4371 1242 4432 uideretur

465 4529 469 4538 .
498 4491 622 4534 ιιιιιιιιιι
645 4467 764 4530 ialaari
784 4467 949 4543 praesulis
976 4487 1063 4530 asara
1086 4473 1121 4532 ia
1142 4475 1242 4536 Deam

1272 612 1423 673 intentas.
1468 612 1550 686 tejas
1565 591 1698 691 ¹periclem
1712 614 1805 672 'numi
1822 615 2021 692 exemplaria

1273 713 1525 774 omrsesllamaai
1537 714 1663 790 imperii
1672 715 1936 792 firsespereasere.
1959 718 2022 782 Ve-

1274 833 1349 874 ram
1377 812 1439 894 nisi
1462 815 1662 892 magnopere
1691 812 1805 890 fallor,
1836 815 1922 878 hunc
1945 838 2023 901 quo·

1278 933 1340 996 que
1379 913 1492 996 ospitis
1523 913 1656 976 modum
1687 914 1848 993 lulianus,
1886 931 1922 980 ut
1952 919 2022 1000 ejus
2074 915 2079 925 '

1279 1014 1403 1089 oannis,
1435 1013 1560 1076 derisui
1591 1015 1708 1098 habet3
1740 1039 1814 1082 nam
1846 1020 1910 1082 huc
1933 1023 2025 1084 colli-

1279 1136 1384 1178 masse
1401 1115 1545 1192 videtur,
1568 1139 1642 1181 com
1666 1132 1776 1182 narret
1792 1103 1847 1200 ll),
1870 1121 2025 1185 Constan-

1280 1219 1381 1278 tinum
1412 1219 1445 1280 iu
1489 1219 1634 1282 deorum-
1666 1219 1841 1282 concilium
1878 1238 2024 1288 vocatum

1279 1318 1487 1402 juxtaLunsc
1507 1322 1608 1384 limen
1624 1322 1830 1401 adhaesisse3
1853 1323 2026 1404 eam'eaim,

1280 1419 1379 1484 rerba
1403 1435 1476 1486 sunt
1501 1423 1588 1504 ejus,
1615 1445 1750 1516 prapaes
1773 1428 1954 1504 deperibat,
1981 1438 2029 1490 ta·

1281 1535 1393 1604 tueque
1416 1527 1452 1584 ia
1476 1547 1546 1587 eam
1572 1530 1699 1586 intuear
1728 1529 1813 1588 nibil
1826 1532 1866 1588 de
1890 1532 2028 1590 uictoria

1281 1627 1460 1688 laborabat.
1486 1627 1570 1687 Sane
1582 1611 1776 1709 geitusbic,
1800 1647 1898 1709 quem
1911 1648 2027 1692 numus

1282 1725 1406 1801 refert,
1444 1740 1493 1804 est
1523 1726 1661 1788 hominis
1697 1725 1805 1788 lunam
1837 1743 1893 1792 aut
1922 1732 2028 1794 sidere

1282 1827 1504 1909 'suspicientis3
1527 1827 1613 1888 unde
1630 1825 1731 1906 jocus.
1775 1829 1884 1894 Nolim
1900 1834 2029 1917 utrique

1284 1930 1439 2012 scriptori
1466 1931 1499 1990 in
1521 1950 1615 1994 causa
1637 1943 1812 2012 praesente
1829 1951 1959 2000 omnem
1978 1937 2032 2000 bs·

1285 2029 1359 2094 beri
1375 2028 1494 2107 fidem,
1526 2027 1667 2115 quorum
1691 2031 1747 2094 ille
1768 2035 1799 2094 in
1821 2035 2031 2101 Constantino

1285 2155 1344 2197 suo
1367 2135 1412 2193 nil
1435 2133 1498 2194 nisi
1520 2148 1665 2200 sanctum
1688 2154 1721 2202 et
1751 2141 1917 2216 coeleste,
1948 2142 2032 2204 alter

1285 2238 1332 2298 nil
1352 2236 1413 2298 nisi
1433 2236 1545 2298 'sannis
1570 2251 1602 2298 et
1626 2242 1811 2324 opprobriis
1831 2243 1964 2326 dignum
1989 2245 2035 2307 vi·

1286 2339 1351 2401 det.
1395 2339 1497 2400 Forte
1530 2341 1619 2403 aliud
1645 2343 1856 2408 Constantino
1887 2344 2033 2428 proposi·

1266 2454 1352 2504 tum
1370 2459 1435 2502 non
1457 2440 1537 2518 fuit,
1560 2464 1654 2526 quam
1678 2459 1714 2506 nt
1733 2446 1848 2508 similis
1864 2446 2033 2510 videretur

1284 2525 1474 2606 Alexandro
1497 2549 1561 2620 M..
1601 2569 1700 2631 quem
1728 2549 1894 2611 simillimo
1921 2549 2030 2612 babitu

1286 2643 1387 2706 luisse
1411 2641 1555 2708 effictum
1575 2669 1640 2712 non
1666 2652 1844 2734 scriptores
1864 2651 1963 2713 modo
1981 2671 2034 2716 se·

1287 2759 1394 2822 teres,
1417 2747 1474 2808 scd
1497 2764 1530 2810 et
1546 2751 1675 2816 residua
1695 2766 1901 2817 monuments
1917 2765 2035 2814 testan-

1288 2861 1361 2925 tur,
1384 2861 1419 2910 ut
1443 2849 1612 2914 docuimus
1638 2853 1671 2914 in
1692 2854 1762 2937 ejus
1788 2855 1876 2937 regis
1895 2868 2035 2918 moneta.

1288 2951 1390 3012 Forte
1412 2964 1446 3014 et
1467 2952 1614 3016 diadema
1643 2955 1682 3018 ab
1706 2955 1769 3019 hoa
1794 2971 1955 3020 mutuatus
1976 2971 2036 3030 est,

1291 3073 1355 3136 quo
1379 3054 1503 3135 primus
1536 3055 1772 3148 imperatorum
1803 3075 1899 3144 ceput
1926 3063 2036 3137 cinxit,

1290 3155 1444 3216 nimirum
1468 3169 1504 3217 ut
1521 3171 1554 3220 et
1575 3158 1639 3236 hcc
1655 3180 1729 3222 eum
1753 3162 1916 3238 referret,
1939 3185 2035 3248 qoem

1290 3257 1409 3319 imitari
1428 3257 1573 3323 solebat.
1623 3259 1711 3352 Quid
1740 3267 1827 3347 quod
1852 3265 1891 3328 ab
1919 3265 2037 3330 eodem

1292 3363 1431 3424 Maximi
1462 3361 1609 3438 titulum,
1649 3384 1715 3446 quo
1746 3389 1844 3448 saepe
1874 3369 1908 3428 in
1932 3367 2037 3432 numia

1291 3461 1407 3537 utitur,
1439 3464 1567 3548 cepisse
1597 3463 1849 3532 ridetur‘sucta
1879 3469 1911 3531 in
1935 3469 2037 3555 majus

1291 3563 1449 3640 sanitate,
1479 3585 1552 3642 eum
1573 3568 1746 3632 Macedoni
1777 3572 1905 3634 nonnisi
1927 3577 2040 3655 alapas·

1292 3665 1436 3760 elogium
1459 3667 1679 3747 tribueretur,
1712 3669 1835 3756 dequo
1856 3673 1930 3738 ride
1945 3675 2039 3758 plura

1291 3766 1377 3831 infre
1406 3768 1465 3830 sub
1490 3770 1623 3859 finem
1614 3793 1647 3833 sn
1677 3775 1861 3838 nominibus
1886 3777 2041 3839 Constan-

1293 3868 1363 3932 tini.
1407 3868 1480 3932 Huc
1503 3850 1580 3934 facit
1601 3876 1810 3958 cumprimis,
1842 3877 1931 3961 quod
1958 3879 2043 3940 mili·

1294 3969 1372 4031 tsris
1398 3969 1522 4052 gloriae
1543 3971 1646 4038 fuisse
1668 3977 1954 4064 adpetentissimns
1977 3985 2043 4046 Eu·

1298 4070 1407 4152 trapio
1437 4071 1573 4142 dicatur.
1618 4077 1711 4144 Hanc
1742 4083 1800 4146 ille
1832 4101 1870 4146 eu
1874 4083 2043 4170 piditatem

1298 4170 1326 4235 si
1352 4171 1531 4256 paullulum
1557 4178 1711 4260 intendit,
1744 4205 1784 4247 en
1806 4185 1864 4247 tibi
1888 4185 2044 4252 continuo

1298 4273 1454 4352 alteram,
1476 4293 1512 4342 nt
1534 4301 1599 4343 nan
1621 4283 1720 4346 modo
1742 4307 1853 4350 rerum
1879 4305 2045 4373 gestarum

1298 4375 1414 4454 laude,
1446 4381 1504 4444 sed
1531 4400 1590 4444 ore
1615 4387 1728 4466 etism,
1759 4411 1796 4454 ac
1819 4406 1914 4473 gestu
1936 4405 2047 4476 proto·

1297 4489 1397 4561 appan
1415 4501 1508 4548 suum
1527 4485 1679 4558 referret.
1725 4490 1817 4586 Quae
1838 4495 1892 4558 bic
1910 4495 1951 4560 de
1968 4495 2046 4559 Ale·

540 4678 812 4758 a)1nCsess.sub
832 4675 882 4736 lia.
956 4679 1079 4758 lulag.
1099 4687 1143 4748 ab.
1219 4691 1249 4763 a)
1269 4691 1337 4770 Peg.
1357 4701 1430 4770 tls..
1476 4699 1510 4772 d)
1530 4697 1756 4768 iactamus
1778 4705 1826 4768 fin·
