<?xml version="1.0" encoding="UTF-8"?>
<!DOCTYPE html PUBLIC "-//W3C//DTD XHTML 1.0 Transitional//EN"
    "http://www.w3.org/TR/xhtml1/DTD/xhtml1-transitional.dtd">
<html xmlns="http://www.w3.org/1999/xhtml" xml:lang="en" lang="en">
 <head>
  <title>
</title>
<meta http-equiv="Content-Type" content="text/html;charset=utf-8" />
  <meta name='ocr-system' content='tesseract 3.04.00' />
  <meta name='ocr-capabilities' content='ocr_page ocr_carea ocr_par ocr_line ocrx_word'/>
</head>
<body>
  <div class='ocr_page' id='page_1' title='image "./doctrinanvmorvm06grangoog/doctrinanvmorvm06grangoog_0413.png"; bbox 0 0 4476 5564; ppageno 0'>
   <div class='ocr_carea' id='block_1_1' title="bbox 300 3603 1187 3678">
    <p class='ocr_par' dir='ltr' id='par_1_1' title="bbox 300 3603 1187 3678">
     <span class='ocr_line' id='line_1_1' title="bbox 300 3603 1187 3678; baseline -0.003 -13"><span class='ocrx_word' id='word_1_1' title='bbox 300 3656 305 3665; x_wconf 87' lang='grc'><em>,</em></span> <span class='ocrx_word' id='word_1_2' title='bbox 439 3608 544 3668; x_wconf 75' lang='lat' dir='ltr'><strong>abhis</strong></span> <span class='ocrx_word' id='word_1_3' title='bbox 559 3611 754 3678; x_wconf 81' lang='lat' dir='ltr'><strong>certrsmcst,</strong></span> <span class='ocrx_word' id='word_1_4' title='bbox 777 3603 1187 3664; x_wconf 78' lang='lat' dir='ltr'><strong>camKulersdr&#39;rIanuarr&#39;s&#39;s</strong></span> 
     </span>
    </p>
   </div>
   <div class='ocr_carea' id='block_1_2' title="bbox 425 325 1435 460">
    <p class='ocr_par' dir='ltr' id='par_1_2' title="bbox 425 325 1435 460">
     <span class='ocr_line' id='line_1_2' title="bbox 425 325 1435 460; baseline 0 -24"><span class='ocrx_word' id='word_1_5' title='bbox 425 339 517 460; x_wconf 61' lang='grc' dir='ltr'><strong>ἰιι</strong></span> <span class='ocrx_word' id='word_1_6' title='bbox 1075 325 1352 438; x_wconf 70' lang='lat' dir='ltr'><strong>cervus,</strong></span> <span class='ocrx_word' id='word_1_7' title='bbox 1412 369 1435 436; x_wconf 81' lang='grc' dir='ltr'><strong>,ι</strong></span> 
     </span>
    </p>
   </div>
   <div class='ocr_carea' id='block_1_3' title="bbox 429 533 1995 742">
    <p class='ocr_par' dir='ltr' id='par_1_3' title="bbox 429 533 1995 742">
     <span class='ocr_line' id='line_1_3' title="bbox 445 533 1995 640; baseline 0.001 -26"><span class='ocrx_word' id='word_1_8' title='bbox 445 553 602 624; x_wconf 75' lang='lat' dir='ltr'><strong>sciscunt,</strong></span> <span class='ocrx_word' id='word_1_9' title='bbox 632 543 708 630; x_wconf 85' lang='lat' dir='ltr'><strong>quis</strong></span> <span class='ocrx_word' id='word_1_10' title='bbox 732 541 918 628; x_wconf 74' lang='lat' dir='ltr'><strong>complures</strong></span> <span class='ocrx_word' id='word_1_11' title='bbox 940 539 1126 627; x_wconf 67' lang='lat' dir='ltr'><strong>principes,</strong></span> <span class='ocrx_word' id='word_1_12' title='bbox 1155 558 1192 609; x_wconf 89' lang='lat' dir='ltr'><strong>ut</strong></span> <span class='ocrx_word' id='word_1_13' title='bbox 1249 533 1502 634; x_wconf 70' lang='lat' dir='ltr'><strong>riitubuossis</strong></span> <span class='ocrx_word' id='word_1_14' title='bbox 1541 555 1730 622; x_wconf 80' lang='lat' dir='ltr'><strong>occurrant,</strong></span> <span class='ocrx_word' id='word_1_15' title='bbox 1761 548 1823 613; x_wconf 87' lang='lat' dir='ltr'><strong>ssd</strong></span> <span class='ocrx_word' id='word_1_16' title='bbox 1860 571 1995 640; x_wconf 70' lang='lat' dir='ltr'><strong>semper</strong></span> 
     </span>
     <span class='ocr_line' id='line_1_4' title="bbox 429 640 1995 742; baseline 0.006 -28"><span class='ocrx_word' id='word_1_17' title='bbox 429 649 682 734; x_wconf 55' lang='lat' dir='ltr'><strong>Uespasianus,</strong></span> <span class='ocrx_word' id='word_1_18' title='bbox 709 644 886 724; x_wconf 63' lang='lat' dir='ltr'><strong>trajanus,</strong></span> <span class='ocrx_word' id='word_1_19' title='bbox 909 640 1105 720; x_wconf 84' lang='lat' dir='ltr'><strong>Hadrianus,</strong></span> <span class='ocrx_word' id='word_1_20' title='bbox 1122 647 1214 742; x_wconf 33' lang='lat' dir='ltr'><strong>pla-⁶</strong></span> <span class='ocrx_word' id='word_1_21' title='bbox 1250 659 1333 702; x_wconf 84' lang='lat' dir='ltr'><strong>unus</strong></span> <span class='ocrx_word' id='word_1_22' title='bbox 1355 640 1527 726; x_wconf 79' lang='lat' dir='ltr'><strong>idemque,</strong></span> <span class='ocrx_word' id='word_1_23' title='bbox 1555 644 1595 706; x_wconf 81' lang='lat' dir='ltr'><strong>ab</strong></span> <span class='ocrx_word' id='word_1_24' title='bbox 1625 666 1666 710; x_wconf 88' lang='lat' dir='ltr'><strong>eo</strong></span> <span class='ocrx_word' id='word_1_25' title='bbox 1696 648 1897 732; x_wconf 73' lang='lat' dir='ltr'><strong>imperatore</strong></span> <span class='ocrx_word' id='word_1_26' title='bbox 1919 658 1995 724; x_wconf 83' lang='lat' dir='ltr'><strong>trib.</strong></span> 
     </span>
    </p>
   </div>
   <div class='ocr_carea' id='block_1_4' title="bbox 395 743 1997 3786">
    <p class='ocr_par' dir='ltr' id='par_1_4' title="bbox 395 743 1997 3786">
     <span class='ocr_line' id='line_1_5' title="bbox 445 743 1996 835; baseline 0.001 -17"><span class='ocrx_word' id='word_1_27' title='bbox 445 771 585 835; x_wconf 86' lang='lat' dir='ltr'><strong>rumque</strong></span> <span class='ocrx_word' id='word_1_28' title='bbox 605 747 842 831; x_wconf 83' lang='lat' dir='ltr'><strong>neglexerunt,</strong></span> <span class='ocrx_word' id='word_1_29' title='bbox 865 743 1193 828; x_wconf 79' lang='lat' dir='ltr'><strong>tribpotestetisuos</strong></span> <span class='ocrx_word' id='word_1_30' title='bbox 1250 756 1445 826; x_wconf 84' lang='lat' dir='ltr'><strong>potestatem</strong></span> <span class='ocrx_word' id='word_1_31' title='bbox 1486 747 1562 810; x_wconf 71' lang='grc' dir='ltr'><strong>Καὶ.</strong></span> <span class='ocrx_word' id='word_1_32' title='bbox 1601 750 1666 810; x_wconf 88' lang='lat' dir='ltr'><strong>lan.</strong></span> <span class='ocrx_word' id='word_1_33' title='bbox 1701 751 1815 815; x_wconf 87' lang='lat' dir='ltr'><strong>iterari</strong></span> <span class='ocrx_word' id='word_1_34' title='bbox 1856 756 1996 826; x_wconf 83' lang='lat' dir='ltr'><strong>solitam.</strong></span> 
     </span>
     <span class='ocr_line' id='line_1_6' title="bbox 445 845 1995 934; baseline 0.002 -14"><span class='ocrx_word' id='word_1_35' title='bbox 445 855 569 920; x_wconf 88' lang='lat' dir='ltr'><strong>addere</strong></span> <span class='ocrx_word' id='word_1_36' title='bbox 594 871 768 927; x_wconf 77' lang='lat' dir='ltr'><strong>numeros3</strong></span> <span class='ocrx_word' id='word_1_37' title='bbox 796 848 875 932; x_wconf 86' lang='lat' dir='ltr'><strong>quin</strong></span> <span class='ocrx_word' id='word_1_38' title='bbox 897 845 972 908; x_wconf 89' lang='lat' dir='ltr'><strong>iude</strong></span> <span class='ocrx_word' id='word_1_39' title='bbox 996 847 1193 934; x_wconf 84' lang='lat' dir='ltr'><strong>aniiippis</strong></span> <span class='ocrx_word' id='word_1_40' title='bbox 1250 846 1331 928; x_wconf 78' lang='lat' dir='ltr'><strong>Ejus</strong></span> <span class='ocrx_word' id='word_1_41' title='bbox 1361 847 1512 934; x_wconf 82' lang='lat' dir='ltr'><strong>exempla</strong></span> <span class='ocrx_word' id='word_1_42' title='bbox 1545 859 1581 912; x_wconf 87' lang='lat' dir='ltr'><strong>nt</strong></span> <span class='ocrx_word' id='word_1_43' title='bbox 1611 847 1706 916; x_wconf 83' lang='lat' dir='ltr'><strong>obsis</strong></span> <span class='ocrx_word' id='word_1_44' title='bbox 1737 867 1812 917; x_wconf 88' lang='lat' dir='ltr'><strong>suut</strong></span> <span class='ocrx_word' id='word_1_45' title='bbox 1831 855 1866 916; x_wconf 88' lang='lat' dir='ltr'><strong>in</strong></span> <span class='ocrx_word' id='word_1_46' title='bbox 1887 861 1995 925; x_wconf 88' lang='lat' dir='ltr'><strong>nuruis</strong></span> 
     </span>
     <span class='ocr_line' id='line_1_7' title="bbox 447 948 1995 1044; baseline 0.003 -27"><span class='ocrx_word' id='word_1_47' title='bbox 447 977 547 1044; x_wconf 71' lang='lat' dir='ltr'><strong>saepe</strong></span> <span class='ocrx_word' id='word_1_48' title='bbox 570 974 611 1016; x_wconf 88' lang='lat' dir='ltr'><strong>ne</strong></span> <span class='ocrx_word' id='word_1_49' title='bbox 634 953 821 1019; x_wconf 86' lang='lat' dir='ltr'><strong>consulatus</strong></span> <span class='ocrx_word' id='word_1_50' title='bbox 844 948 976 1032; x_wconf 83' lang='lat' dir='ltr'><strong>quidem</strong></span> <span class='ocrx_word' id='word_1_51' title='bbox 1005 949 1040 1010; x_wconf 87' lang='lat' dir='ltr'><strong>in</strong></span> <span class='ocrx_word' id='word_1_52' title='bbox 1061 966 1193 1016; x_wconf 78' lang='lat' dir='ltr'><strong>moneta</strong></span> <span class='ocrx_word' id='word_1_53' title='bbox 1249 951 1454 1035; x_wconf 80' lang='lat' dir='ltr'><strong>principum,</strong></span> <span class='ocrx_word' id='word_1_54' title='bbox 1486 950 1541 1032; x_wconf 87' lang='lat' dir='ltr'><strong>qui</strong></span> <span class='ocrx_word' id='word_1_55' title='bbox 1568 948 1645 1015; x_wconf 88' lang='lat' dir='ltr'><strong>iude</strong></span> <span class='ocrx_word' id='word_1_56' title='bbox 1675 952 1715 1016; x_wconf 88' lang='lat' dir='ltr'><strong>sb</strong></span> <span class='ocrx_word' id='word_1_57' title='bbox 1745 957 1995 1026; x_wconf 79' lang='lat' dir='ltr'><strong>Antonino.Pio</strong></span> 
     </span>
     <span class='ocr_line' id='line_1_8' title="bbox 445 1047 1996 1144; baseline 0 -23"><span class='ocrx_word' id='word_1_58' title='bbox 445 1059 635 1122; x_wconf 83' lang='lat' dir='ltr'><strong>numeratos</strong></span> <span class='ocrx_word' id='word_1_59' title='bbox 651 1054 819 1118; x_wconf 81' lang='lat' dir='ltr'><strong>babemus.</strong></span> <span class='ocrx_word' id='word_1_60' title='bbox 1135 1136 1141 1144; x_wconf 25' lang='lat' dir='ltr'>h</span> <span class='ocrx_word' id='word_1_61' title='bbox 1250 1047 1424 1134; x_wconf 73' lang='lat' dir='ltr'><strong>imperium</strong></span> <span class='ocrx_word' id='word_1_62' title='bbox 1447 1064 1641 1126; x_wconf 78' lang='lat' dir='ltr'><strong>tenuerunt,</strong></span> <span class='ocrx_word' id='word_1_63' title='bbox 1664 1054 1767 1118; x_wconf 88' lang='lat' dir='ltr'><strong>sicin</strong></span> <span class='ocrx_word' id='word_1_64' title='bbox 1789 1059 1882 1124; x_wconf 86' lang='lat' dir='ltr'><strong>nulio</strong></span> <span class='ocrx_word' id='word_1_65' title='bbox 1904 1062 1996 1126; x_wconf 83' lang='lat' dir='ltr'><strong>lucu·</strong></span> 
     </span>
     <span class='ocr_line' id='line_1_9' title="bbox 510 1153 1995 1240; baseline -0.003 -19"><span class='ocrx_word' id='word_1_66' title='bbox 510 1158 690 1226; x_wconf 75' lang='lat' dir='ltr'><strong>REGVLA</strong></span> <span class='ocrx_word' id='word_1_67' title='bbox 713 1157 768 1224; x_wconf 82' lang='lat' dir='ltr'><strong>vl.</strong></span> <span class='ocrx_word' id='word_1_68' title='bbox 814 1159 855 1222; x_wconf 79' lang='lat' dir='ltr'><strong>Si</strong></span> <span class='ocrx_word' id='word_1_69' title='bbox 876 1159 1083 1234; x_wconf 76' lang='lat' dir='ltr'><strong>imperatores</strong></span> <span class='ocrx_word' id='word_1_70' title='bbox 1105 1160 1192 1220; x_wconf 79' lang='lat' dir='ltr'><strong>intra</strong></span> <span class='ocrx_word' id='word_1_71' title='bbox 1249 1153 1404 1229; x_wconf 85' lang='lat' dir='ltr'><strong>lentiore,</strong></span> <span class='ocrx_word' id='word_1_72' title='bbox 1428 1170 1524 1240; x_wconf 80' lang='lat' dir='ltr'><strong>quens</strong></span> <span class='ocrx_word' id='word_1_73' title='bbox 1544 1154 1577 1214; x_wconf 91' lang='lat' dir='ltr'><strong>in</strong></span> <span class='ocrx_word' id='word_1_74' title='bbox 1597 1153 1793 1238; x_wconf 83' lang='lat' dir='ltr'><strong>Elagabaio,</strong></span> <span class='ocrx_word' id='word_1_75' title='bbox 1816 1175 1853 1226; x_wconf 79' lang='grc' dir='ltr'><strong>ιιι</strong></span> <span class='ocrx_word' id='word_1_76' title='bbox 1873 1161 1908 1224; x_wconf 77' lang='lat' dir='ltr'><strong>in</strong></span> <span class='ocrx_word' id='word_1_77' title='bbox 1930 1163 1995 1231; x_wconf 83' lang='lat' dir='ltr'><strong>boc</strong></span> 
     </span>
     <span class='ocr_line' id='line_1_10' title="bbox 447 1249 1460 1336; baseline -0.012 -6"><span class='ocrx_word' id='word_1_78' title='bbox 447 1283 568 1330; x_wconf 82' lang='lat' dir='ltr'><strong>norsum</strong></span> <span class='ocrx_word' id='word_1_79' title='bbox 577 1249 741 1324; x_wconf 70' lang='lat' dir='ltr'><strong>Iulianism</strong></span> <span class='ocrx_word' id='word_1_80' title='bbox 756 1269 950 1318; x_wconf 78' lang='lat' dir='ltr'><em>renovarunt</em></span> <span class='ocrx_word' id='word_1_81' title='bbox 965 1259 1040 1320; x_wconf 77' lang='lat' dir='ltr'><strong>trit.</strong></span> <span class='ocrx_word' id='word_1_82' title='bbox 1050 1257 1192 1336; x_wconf 79' lang='lat' dir='ltr'><strong>potesla-</strong></span> <span class='ocrx_word' id='word_1_83' title='bbox 1249 1251 1460 1334; x_wconf 79' lang='lat' dir='ltr'><strong>intuebimur.</strong></span> 
     </span>
     <span class='ocr_line' id='line_1_11' title="bbox 446 1347 1995 1446; baseline -0.005 -20"><span class='ocrx_word' id='word_1_84' title='bbox 446 1379 526 1438; x_wconf 68' lang='lat' dir='ltr'><strong>um,</strong></span> <span class='ocrx_word' id='word_1_85' title='bbox 548 1365 679 1426; x_wconf 82' lang='lat' dir='ltr'><strong>dubium</strong></span> <span class='ocrx_word' id='word_1_86' title='bbox 694 1368 841 1433; x_wconf 76' lang='lat' dir='ltr'><strong>nonest,</strong></span> <span class='ocrx_word' id='word_1_87' title='bbox 863 1354 935 1419; x_wconf 77' lang='lat' dir='ltr'><strong>cans</strong></span> <span class='ocrx_word' id='word_1_88' title='bbox 950 1352 1139 1422; x_wconf 74' lang='lat' dir='ltr'><strong>restauratam</strong></span> <span class='ocrx_word' id='word_1_89' title='bbox 1154 1364 1191 1425; x_wconf 65' lang='grc' dir='ltr'><strong>ἑο</strong></span> <span class='ocrx_word' id='word_1_90' title='bbox 1311 1355 1459 1442; x_wconf 74' lang='lat' dir='ltr'><strong>Exposui</strong></span> <span class='ocrx_word' id='word_1_91' title='bbox 1488 1358 1638 1438; x_wconf 84' lang='lat' dir='ltr'><strong>regulas,</strong></span> <span class='ocrx_word' id='word_1_92' title='bbox 1680 1347 1761 1446; x_wconf 58' lang='lat' dir='ltr'><strong>siuas</strong></span> <span class='ocrx_word' id='word_1_93' title='bbox 1791 1378 1924 1430; x_wconf 69' lang='lat' dir='ltr'><strong>securus</strong></span> <span class='ocrx_word' id='word_1_94' title='bbox 1945 1382 1995 1434; x_wconf 63' lang='lat' dir='ltr'><strong>su.</strong></span> 
     </span>
     <span class='ocr_line' id='line_1_12' title="bbox 444 1453 1991 1552; baseline 0.006 -25"><span class='ocrx_word' id='word_1_95' title='bbox 444 1473 513 1546; x_wconf 75' lang='lat' dir='ltr'><strong>ipsc</strong></span> <span class='ocrx_word' id='word_1_96' title='bbox 532 1468 603 1541; x_wconf 82' lang='lat' dir='ltr'><strong>die,</strong></span> <span class='ocrx_word' id='word_1_97' title='bbox 627 1482 688 1546; x_wconf 79' lang='lat' dir='ltr'><strong>quc</strong></span> <span class='ocrx_word' id='word_1_98' title='bbox 706 1470 837 1538; x_wconf 82' lang='lat' dir='ltr'><strong>accepta</strong></span> <span class='ocrx_word' id='word_1_99' title='bbox 851 1470 909 1524; x_wconf 78' lang='lat' dir='ltr'><strong>cst.</strong></span> <span class='ocrx_word' id='word_1_100' title='bbox 1179 1547 1182 1552; x_wconf 27' lang='grc' dir='ltr'>Ι</span> <span class='ocrx_word' id='word_1_101' title='bbox 1248 1453 1373 1520; x_wconf 75' lang='lat' dir='ltr'>tissime</span> <span class='ocrx_word' id='word_1_102' title='bbox 1396 1458 1475 1520; x_wconf 87' lang='lat' dir='ltr'><strong>mibi</strong></span> <span class='ocrx_word' id='word_1_103' title='bbox 1497 1459 1633 1524; x_wconf 79' lang='lat' dir='ltr'><strong>videbar</strong></span> <span class='ocrx_word' id='word_1_104' title='bbox 1660 1463 1702 1526; x_wconf 88' lang='lat' dir='ltr'><strong>dc</strong></span> <span class='ocrx_word' id='word_1_105' title='bbox 1723 1466 1787 1530; x_wconf 91' lang='lat' dir='ltr'><strong>boo</strong></span> <span class='ocrx_word' id='word_1_106' title='bbox 1809 1468 1991 1536; x_wconf 85' lang='lat' dir='ltr'><strong>iterationis</strong></span> 
     </span>
     <span class='ocr_line' id='line_1_13' title="bbox 509 1558 1995 1644; baseline 0.004 -19"><span class='ocrx_word' id='word_1_107' title='bbox 509 1569 611 1628; x_wconf 85' lang='lat' dir='ltr'><strong>&#39;l&#39;este</strong></span> <span class='ocrx_word' id='word_1_108' title='bbox 639 1563 748 1622; x_wconf 88' lang='lat' dir='ltr'><strong>Diona</strong></span> <span class='ocrx_word' id='word_1_109' title='bbox 777 1560 987 1621; x_wconf 89' lang='lat' dir='ltr'><strong>instituerunt</strong></span> <span class='ocrx_word' id='word_1_110' title='bbox 1015 1558 1192 1643; x_wconf 82' lang='lat' dir='ltr'><strong>principes,</strong></span> <span class='ocrx_word' id='word_1_111' title='bbox 1246 1561 1382 1643; x_wconf 82' lang='lat' dir='ltr'><strong>negotio</strong></span> <span class='ocrx_word' id='word_1_112' title='bbox 1402 1580 1500 1644; x_wconf 85' lang='lat' dir='ltr'><strong>posse</strong></span> <span class='ocrx_word' id='word_1_113' title='bbox 1518 1561 1688 1641; x_wconf 86' lang='lat' dir='ltr'><strong>arbitrari,</strong></span> <span class='ocrx_word' id='word_1_114' title='bbox 1710 1571 1881 1634; x_wconf 83' lang='lat' dir='ltr'><strong>eteritare</strong></span> <span class='ocrx_word' id='word_1_115' title='bbox 1902 1591 1995 1635; x_wconf 86' lang='lat' dir='ltr'><strong>erru-</strong></span> 
     </span>
     <span class='ocr_line' id='line_1_14' title="bbox 444 1661 1997 1760; baseline -0.003 -30"><span class='ocrx_word' id='word_1_116' title='bbox 444 1665 650 1730; x_wconf 77' lang='lat' dir='ltr'><strong>tribuniciam</strong></span> <span class='ocrx_word' id='word_1_117' title='bbox 669 1675 865 1747; x_wconf 82' lang='lat' dir='ltr'><strong>potestatem</strong></span> <span class='ocrx_word' id='word_1_118' title='bbox 882 1661 929 1724; x_wconf 89' lang='lat' dir='ltr'><strong>sio</strong></span> <span class='ocrx_word' id='word_1_119' title='bbox 947 1681 1133 1738; x_wconf 82' lang='lat' dir='ltr'><strong>numerare,</strong></span> <span class='ocrx_word' id='word_1_120' title='bbox 1155 1675 1191 1726; x_wconf 82' lang='lat' dir='ltr'><strong>ut</strong></span> <span class='ocrx_word' id='word_1_121' title='bbox 1247 1683 1318 1738; x_wconf 87' lang='lat' dir='ltr'><strong>res,</strong></span> <span class='ocrx_word' id='word_1_122' title='bbox 1341 1661 1523 1748; x_wconf 78' lang='lat' dir='ltr'><strong>horamque</strong></span> <span class='ocrx_word' id='word_1_123' title='bbox 1544 1665 1709 1751; x_wconf 85' lang='lat' dir='ltr'><strong>pericula,</strong></span> <span class='ocrx_word' id='word_1_124' title='bbox 1731 1668 1891 1756; x_wconf 75' lang='lat' dir='ltr'><strong>adquae,</strong></span> <span class='ocrx_word' id='word_1_125' title='bbox 1915 1673 1997 1760; x_wconf 13' lang='lat' dir='ltr'><strong>dung</strong></span> 
     </span>
     <span class='ocr_line' id='line_1_15' title="bbox 443 1761 1993 1857; baseline -0.002 -27"><span class='ocrx_word' id='word_1_126' title='bbox 443 1788 546 1834; x_wconf 89' lang='lat' dir='ltr'><strong>anuos</strong></span> <span class='ocrx_word' id='word_1_127' title='bbox 567 1767 709 1848; x_wconf 85' lang='lat' dir='ltr'><strong>imperii.</strong></span> <span class='ocrx_word' id='word_1_128' title='bbox 768 1761 879 1857; x_wconf 81' lang='lat' dir='ltr'><strong>Quare</strong></span> <span class='ocrx_word' id='word_1_129' title='bbox 898 1763 973 1846; x_wconf 84' lang='lat' dir='ltr'><strong>ipsa</strong></span> <span class='ocrx_word' id='word_1_130' title='bbox 1002 1762 1056 1826; x_wconf 85' lang='lat' dir='ltr'><strong>rei</strong></span> <span class='ocrx_word' id='word_1_131' title='bbox 1075 1777 1190 1826; x_wconf 79' lang='lat' dir='ltr'><strong>ustura</strong></span> <span class='ocrx_word' id='word_1_132' title='bbox 1247 1763 1542 1847; x_wconf 80' lang='lat' dir='ltr'><strong>incontinsagunt,</strong></span> <span class='ocrx_word' id='word_1_133' title='bbox 1573 1769 1672 1850; x_wconf 79' lang='lat' dir='ltr'><strong>vulgo</strong></span> <span class='ocrx_word' id='word_1_134' title='bbox 1699 1768 1993 1857; x_wconf 81' lang='lat' dir='ltr'><strong>offendissemsjo.</strong></span> 
     </span>
     <span class='ocr_line' id='line_1_16' title="bbox 442 1863 1991 1952; baseline -0.001 -20"><span class='ocrx_word' id='word_1_135' title='bbox 442 1891 508 1934; x_wconf 82' lang='lat' dir='ltr'><strong>non</strong></span> <span class='ocrx_word' id='word_1_136' title='bbox 526 1867 665 1932; x_wconf 86' lang='lat' dir='ltr'><strong>suadere</strong></span> <span class='ocrx_word' id='word_1_137' title='bbox 683 1865 801 1940; x_wconf 87' lang='lat' dir='ltr'><strong>modo,</strong></span> <span class='ocrx_word' id='word_1_138' title='bbox 824 1867 885 1928; x_wconf 90' lang='lat' dir='ltr'><strong>sed</strong></span> <span class='ocrx_word' id='word_1_139' title='bbox 904 1879 936 1928; x_wconf 90' lang='lat' dir='ltr'><strong>et</strong></span> <span class='ocrx_word' id='word_1_140' title='bbox 955 1863 1190 1945; x_wconf 82' lang='lat' dir='ltr'><strong>exigeraside·</strong></span> <span class='ocrx_word' id='word_1_141' title='bbox 1247 1883 1302 1928; x_wconf 83' lang='lat' dir='ltr'><strong>rer</strong></span> <span class='ocrx_word' id='word_1_142' title='bbox 1324 1877 1473 1942; x_wconf 80' lang='lat' dir='ltr'><strong>nostros,</strong></span> <span class='ocrx_word' id='word_1_143' title='bbox 1496 1867 1586 1952; x_wconf 86' lang='lat' dir='ltr'><strong>ipsae</strong></span> <span class='ocrx_word' id='word_1_144' title='bbox 1609 1875 1724 1934; x_wconf 86' lang='lat' dir='ltr'><strong>eorum</strong></span> <span class='ocrx_word' id='word_1_145' title='bbox 1748 1871 1991 1940; x_wconf 71' lang='lat' dir='ltr'><strong>lucubratione.</strong></span> 
     </span>
     <span class='ocr_line' id='line_1_17' title="bbox 441 1961 1992 2060; baseline 0.007 -27"><span class='ocrx_word' id='word_1_146' title='bbox 441 1986 517 2046; x_wconf 80' lang='lat' dir='ltr'><strong>tor,</strong></span> <span class='ocrx_word' id='word_1_147' title='bbox 547 1986 729 2034; x_wconf 77' lang='lat' dir='ltr'><strong>essenon</strong></span> <span class='ocrx_word' id='word_1_148' title='bbox 752 1969 817 2030; x_wconf 84' lang='lat' dir='ltr'><strong>eiio</strong></span> <span class='ocrx_word' id='word_1_149' title='bbox 841 1966 893 2028; x_wconf 90' lang='lat' dir='ltr'><strong>die</strong></span> <span class='ocrx_word' id='word_1_150' title='bbox 916 1979 1073 2028; x_wconf 71' lang='lat' dir='ltr'><strong>statuatur</strong></span> <span class='ocrx_word' id='word_1_151' title='bbox 1095 1987 1191 2052; x_wconf 82' lang='lat' dir='ltr'><strong>repc-</strong></span> <span class='ocrx_word' id='word_1_152' title='bbox 1247 1961 1369 2028; x_wconf 75' lang='lat' dir='ltr'><strong>affatim</strong></span> <span class='ocrx_word' id='word_1_153' title='bbox 1399 1962 1528 2032; x_wconf 79' lang='lat' dir='ltr'><strong>doceris.</strong></span> <span class='ocrx_word' id='word_1_154' title='bbox 1570 1970 1613 2034; x_wconf 77' lang='lat' dir='ltr'><strong>At</strong></span> <span class='ocrx_word' id='word_1_155' title='bbox 1651 1973 1715 2054; x_wconf 81' lang='lat' dir='ltr'><strong>jum</strong></span> <span class='ocrx_word' id='word_1_156' title='bbox 1748 1995 1835 2040; x_wconf 86' lang='lat' dir='ltr'><strong>nuno</strong></span> <span class='ocrx_word' id='word_1_157' title='bbox 1870 1978 1992 2060; x_wconf 80' lang='lat' dir='ltr'><strong>produ·</strong></span> 
     </span>
     <span class='ocr_line' id='line_1_18' title="bbox 441 2065 1991 2166; baseline -0.002 -31"><span class='ocrx_word' id='word_1_158' title='bbox 441 2074 519 2150; x_wconf 85' lang='lat' dir='ltr'><strong>tite,</strong></span> <span class='ocrx_word' id='word_1_159' title='bbox 541 2093 638 2158; x_wconf 85' lang='lat' dir='ltr'><strong>quum</strong></span> <span class='ocrx_word' id='word_1_160' title='bbox 660 2089 725 2156; x_wconf 86' lang='lat' dir='ltr'><strong>quo</strong></span> <span class='ocrx_word' id='word_1_161' title='bbox 742 2067 832 2132; x_wconf 87' lang='lat' dir='ltr'><strong>iiuitu</strong></span> <span class='ocrx_word' id='word_1_162' title='bbox 849 2082 917 2145; x_wconf 86' lang='lat' dir='ltr'><strong>est,</strong></span> <span class='ocrx_word' id='word_1_163' title='bbox 947 2067 1095 2130; x_wconf 85' lang='lat' dir='ltr'><strong>simodo</strong></span> <span class='ocrx_word' id='word_1_164' title='bbox 1118 2089 1190 2132; x_wconf 85' lang='lat' dir='ltr'><strong>cer·</strong></span> <span class='ocrx_word' id='word_1_165' title='bbox 1245 2065 1349 2130; x_wconf 78' lang='lat' dir='ltr'><strong>cende</strong></span> <span class='ocrx_word' id='word_1_166' title='bbox 1372 2085 1579 2135; x_wconf 88' lang='lat' dir='ltr'><strong>monuments</strong></span> <span class='ocrx_word' id='word_1_167' title='bbox 1603 2072 1691 2156; x_wconf 84' lang='lat' dir='ltr'><strong>ipsa,</strong></span> <span class='ocrx_word' id='word_1_168' title='bbox 1714 2096 1837 2164; x_wconf 74' lang='lat' dir='ltr'><strong>nsque,</strong></span> <span class='ocrx_word' id='word_1_169' title='bbox 1859 2093 1895 2142; x_wconf 78' lang='lat' dir='ltr'><strong>ur</strong></span> <span class='ocrx_word' id='word_1_170' title='bbox 1915 2101 1991 2166; x_wconf 71' lang='lat' dir='ltr'><strong>pm.</strong></span> 
     </span>
     <span class='ocr_line' id='line_1_19' title="bbox 395 2169 1991 2266; baseline 0.003 -28"><span class='ocrx_word' id='word_1_171' title='bbox 395 2255 398 2264; x_wconf 22' lang='grc' dir='ltr'>ι</span> <span class='ocrx_word' id='word_1_172' title='bbox 439 2189 475 2238; x_wconf 82' lang='grc' dir='ltr'><strong>ιο</strong></span> <span class='ocrx_word' id='word_1_173' title='bbox 499 2188 645 2252; x_wconf 85' lang='lat' dir='ltr'><strong>constet,</strong></span> <span class='ocrx_word' id='word_1_174' title='bbox 676 2193 748 2236; x_wconf 87' lang='lat' dir='ltr'><strong>eam</strong></span> <span class='ocrx_word' id='word_1_175' title='bbox 773 2173 882 2255; x_wconf 83' lang='lat' dir='ltr'><strong>aliquo</strong></span> <span class='ocrx_word' id='word_1_176' title='bbox 903 2171 989 2232; x_wconf 86' lang='lat' dir='ltr'><strong>inter</strong></span> <span class='ocrx_word' id='word_1_177' title='bbox 1010 2169 1100 2232; x_wconf 86' lang='lat' dir='ltr'><strong>binas</strong></span> <span class='ocrx_word' id='word_1_178' title='bbox 1122 2175 1188 2235; x_wconf 87' lang='lat' dir='ltr'><strong>Ka·</strong></span> <span class='ocrx_word' id='word_1_179' title='bbox 1245 2189 1437 2252; x_wconf 76' lang='lat' dir='ltr'><strong>potuemus,</strong></span> <span class='ocrx_word' id='word_1_180' title='bbox 1461 2186 1571 2236; x_wconf 88' lang='lat' dir='ltr'><strong>certae</strong></span> <span class='ocrx_word' id='word_1_181' title='bbox 1589 2178 1807 2258; x_wconf 78' lang='lat' dir='ltr'><strong>auctoritatis,</strong></span> <span class='ocrx_word' id='word_1_182' title='bbox 1839 2183 1991 2266; x_wconf 84' lang='lat' dir='ltr'><strong>quaein·</strong></span> 
     </span>
     <span class='ocr_line' id='line_1_20' title="bbox 441 2274 1989 2364; baseline 0.005 -24"><span class='ocrx_word' id='word_1_183' title='bbox 441 2277 556 2340; x_wconf 84' lang='lat' dir='ltr'><strong>leudes</strong></span> <span class='ocrx_word' id='word_1_184' title='bbox 579 2280 644 2338; x_wconf 90' lang='lat' dir='ltr'><strong>ian.</strong></span> <span class='ocrx_word' id='word_1_185' title='bbox 674 2274 727 2336; x_wconf 90' lang='lat' dir='ltr'><strong>die</strong></span> <span class='ocrx_word' id='word_1_186' title='bbox 749 2274 850 2338; x_wconf 81' lang='lat' dir='ltr'><strong>inisse</strong></span> <span class='ocrx_word' id='word_1_187' title='bbox 880 2285 1079 2336; x_wconf 85' lang='lat' dir='ltr'><strong>renovatam.</strong></span> <span class='ocrx_word' id='word_1_188' title='bbox 1122 2277 1187 2337; x_wconf 83' lang='lat' dir='ltr'><strong>Eo·</strong></span> <span class='ocrx_word' id='word_1_189' title='bbox 1243 2281 1389 2348; x_wconf 80' lang='lat' dir='ltr'><strong>struant,</strong></span> <span class='ocrx_word' id='word_1_190' title='bbox 1412 2293 1508 2359; x_wconf 83' lang='lat' dir='ltr'><strong>quam</strong></span> <span class='ocrx_word' id='word_1_191' title='bbox 1524 2275 1662 2358; x_wconf 75' lang='lat' dir='ltr'><strong>Augusti</strong></span> <span class='ocrx_word' id='word_1_192' title='bbox 1686 2279 1989 2364; x_wconf 82' lang='lat' dir='ltr'><strong>singuliiniteran·</strong></span> 
     </span>
     <span class='ocr_line' id='line_1_21' title="bbox 424 2369 1991 2465; baseline 0.004 -25"><span class='ocrx_word' id='word_1_193' title='bbox 424 2401 514 2458; x_wconf 16' lang='lat' dir='ltr'><strong>‘rum</strong></span> <span class='ocrx_word' id='word_1_194' title='bbox 533 2377 711 2452; x_wconf 87' lang='lat' dir='ltr'><strong>sententia,</strong></span> <span class='ocrx_word' id='word_1_195' title='bbox 734 2377 789 2458; x_wconf 88' lang='lat' dir='ltr'><strong>qui</strong></span> <span class='ocrx_word' id='word_1_196' title='bbox 801 2375 982 2455; x_wconf 77' lang='lat' dir='ltr'><strong>generatim</strong></span> <span class='ocrx_word' id='word_1_197' title='bbox 997 2372 1186 2452; x_wconf 85' lang='lat' dir='ltr'><strong>adseruere,</strong></span> <span class='ocrx_word' id='word_1_198' title='bbox 1239 2369 1285 2440; x_wconf 88' lang='lat' dir='ltr'><strong>do</strong></span> <span class='ocrx_word' id='word_1_199' title='bbox 1297 2373 1462 2454; x_wconf 75' lang='lat' dir='ltr'><strong>tribunatu</strong></span> <span class='ocrx_word' id='word_1_200' title='bbox 1481 2376 1642 2440; x_wconf 83' lang='lat' dir='ltr'><strong>rationem</strong></span> <span class='ocrx_word' id='word_1_201' title='bbox 1665 2379 1730 2443; x_wconf 81' lang='lat' dir='ltr'><strong>sius</strong></span> <span class='ocrx_word' id='word_1_202' title='bbox 1751 2384 1872 2465; x_wconf 86' lang='lat' dir='ltr'><strong>secuti,</strong></span> <span class='ocrx_word' id='word_1_203' title='bbox 1896 2402 1929 2452; x_wconf 87' lang='lat' dir='ltr'><strong>et</strong></span> <span class='ocrx_word' id='word_1_204' title='bbox 1946 2407 1991 2452; x_wconf 72' lang='lat' dir='ltr'><strong>en</strong></span> 
     </span>
     <span class='ocr_line' id='line_1_22' title="bbox 440 2473 1988 2572; baseline -0.001 -27"><span class='ocrx_word' id='word_1_205' title='bbox 440 2480 694 2565; x_wconf 82' lang='lat' dir='ltr'><strong>imperatos-ibus</strong></span> <span class='ocrx_word' id='word_1_206' title='bbox 721 2476 871 2540; x_wconf 90' lang='lat' dir='ltr'><strong>omnibus</strong></span> <span class='ocrx_word' id='word_1_207' title='bbox 892 2487 1017 2538; x_wconf 86' lang='lat' dir='ltr'><strong>certum</strong></span> <span class='ocrx_word' id='word_1_208' title='bbox 1043 2476 1185 2561; x_wconf 77' lang='lat' dir='ltr'><strong>aliquem</strong></span> <span class='ocrx_word' id='word_1_209' title='bbox 1242 2473 1370 2556; x_wconf 69' lang='lat' dir='ltr'><strong>quibus·</strong></span> <span class='ocrx_word' id='word_1_210' title='bbox 1390 2479 1604 2561; x_wconf 79' lang='lat' dir='ltr'><strong>comprobem</strong></span> <span class='ocrx_word' id='word_1_211' title='bbox 1641 2479 1801 2565; x_wconf 84' lang='lat' dir='ltr'><strong>denique,</strong></span> <span class='ocrx_word' id='word_1_212' title='bbox 1839 2489 1927 2572; x_wconf 82' lang='lat' dir='ltr'><strong>quod</strong></span> <span class='ocrx_word' id='word_1_213' title='bbox 1956 2491 1988 2554; x_wconf 71' lang='lat' dir='ltr'><strong>in</strong></span> 
     </span>
     <span class='ocr_line' id='line_1_23' title="bbox 443 2575 1989 2668; baseline -0.002 -24"><span class='ocrx_word' id='word_1_214' title='bbox 443 2584 531 2647; x_wconf 88' lang='lat' dir='ltr'><strong>diem</strong></span> <span class='ocrx_word' id='word_1_215' title='bbox 562 2581 603 2643; x_wconf 84' lang='lat' dir='ltr'><strong>ed</strong></span> <span class='ocrx_word' id='word_1_216' title='bbox 635 2577 821 2642; x_wconf 84' lang='lat' dir='ltr'><strong>iterandum</strong></span> <span class='ocrx_word' id='word_1_217' title='bbox 850 2575 1048 2641; x_wconf 84' lang='lat' dir='ltr'><strong>tribunatum</strong></span> <span class='ocrx_word' id='word_1_218' title='bbox 1086 2581 1187 2643; x_wconf 76' lang='lat' dir='ltr'><strong>fuisse</strong></span> <span class='ocrx_word' id='word_1_219' title='bbox 1245 2595 1298 2638; x_wconf 84' lang='lat' dir='ltr'><strong>me</strong></span> <span class='ocrx_word' id='word_1_220' title='bbox 1337 2597 1564 2662; x_wconf 79' lang='lat' dir='ltr'><strong>susceperam,</strong></span> <span class='ocrx_word' id='word_1_221' title='bbox 1609 2581 1683 2644; x_wconf 89' lang='lat' dir='ltr'><strong>trib.</strong></span> <span class='ocrx_word' id='word_1_222' title='bbox 1717 2600 1912 2668; x_wconf 57' lang='lat' dir='ltr'><strong>potestatem</strong></span> <span class='ocrx_word' id='word_1_223' title='bbox 1947 2593 1989 2655; x_wconf 56' lang='grc' dir='ltr'><strong>«ι,</strong></span> 
     </span>
     <span class='ocr_line' id='line_1_24' title="bbox 442 2679 1989 2768; baseline 0.007 -24"><span class='ocrx_word' id='word_1_224' title='bbox 442 2683 664 2768; x_wconf 80' lang='lat' dir='ltr'><strong>propositum,</strong></span> <span class='ocrx_word' id='word_1_225' title='bbox 701 2701 797 2764; x_wconf 88' lang='lat' dir='ltr'><strong>quam</strong></span> <span class='ocrx_word' id='word_1_226' title='bbox 834 2679 877 2741; x_wconf 86' lang='lat' dir='ltr'><strong>sit</strong></span> <span class='ocrx_word' id='word_1_227' title='bbox 912 2679 1056 2756; x_wconf 85' lang='lat' dir='ltr'><strong>infirma,</strong></span> <span class='ocrx_word' id='word_1_228' title='bbox 1096 2682 1188 2766; x_wconf 82' lang='lat' dir='ltr'><strong>piget</strong></span> <span class='ocrx_word' id='word_1_229' title='bbox 1218 2680 1390 2766; x_wconf 36' lang='lat' dir='ltr'><strong>&#39;Augusto</strong></span> <span class='ocrx_word' id='word_1_230' title='bbox 1413 2701 1516 2764; x_wconf 87' lang='lat' dir='ltr'><strong>usque</strong></span> <span class='ocrx_word' id='word_1_231' title='bbox 1541 2681 1580 2744; x_wconf 82' lang='lat' dir='ltr'><strong>ad</strong></span> <span class='ocrx_word' id='word_1_232' title='bbox 1598 2685 1794 2751; x_wconf 74' lang='lat' dir='ltr'><strong>Antoninum</strong></span> <span class='ocrx_word' id='word_1_233' title='bbox 1812 2691 1906 2752; x_wconf 86' lang='lat' dir='ltr'><strong>Pium</strong></span> <span class='ocrx_word' id='word_1_234' title='bbox 1928 2692 1989 2756; x_wconf 87' lang='lat' dir='ltr'><strong>ite·</strong></span> 
     </span>
     <span class='ocr_line' id='line_1_25' title="bbox 442 2781 1986 2878; baseline 0.005 -29"><span class='ocrx_word' id='word_1_235' title='bbox 442 2785 671 2872; x_wconf 86' lang='lat' dir='ltr'><strong>comprobare.</strong></span> <span class='ocrx_word' id='word_1_236' title='bbox 695 2783 799 2878; x_wconf 81' lang='lat' dir='ltr'><strong>Quam</strong></span> <span class='ocrx_word' id='word_1_237' title='bbox 819 2782 964 2865; x_wconf 76' lang='lat' dir='ltr'><strong>grauiter</strong></span> <span class='ocrx_word' id='word_1_238' title='bbox 985 2781 1113 2845; x_wconf 81' lang='lat' dir='ltr'><strong>laboret</strong></span> <span class='ocrx_word' id='word_1_239' title='bbox 1131 2785 1188 2846; x_wconf 90' lang='lat' dir='ltr'><strong>du·</strong></span> <span class='ocrx_word' id='word_1_240' title='bbox 1244 2785 1311 2841; x_wconf 84' lang='lat' dir='ltr'><strong>rari</strong></span> <span class='ocrx_word' id='word_1_241' title='bbox 1341 2781 1470 2844; x_wconf 82' lang='lat' dir='ltr'><strong>solitum</strong></span> <span class='ocrx_word' id='word_1_242' title='bbox 1502 2784 1639 2864; x_wconf 84' lang='lat' dir='ltr'><strong>endis,</strong></span> <span class='ocrx_word' id='word_1_243' title='bbox 1671 2808 1736 2872; x_wconf 90' lang='lat' dir='ltr'><strong>quo</strong></span> <span class='ocrx_word' id='word_1_244' title='bbox 1765 2805 1896 2873; x_wconf 80' lang='lat' dir='ltr'><strong>accepta</strong></span> <span class='ocrx_word' id='word_1_245' title='bbox 1924 2807 1986 2870; x_wconf 88' lang='lat' dir='ltr'><strong>est,</strong></span> 
     </span>
     <span class='ocr_line' id='line_1_26' title="bbox 442 2882 1988 2975; baseline -0.004 -23"><span class='ocrx_word' id='word_1_246' title='bbox 442 2890 547 2952; x_wconf 83' lang='lat' dir='ltr'><strong>ctrina</strong></span> <span class='ocrx_word' id='word_1_247' title='bbox 570 2885 777 2959; x_wconf 82' lang='lat' dir='ltr'><strong>Mazzoleni,</strong></span> <span class='ocrx_word' id='word_1_248' title='bbox 809 2883 896 2946; x_wconf 89' lang='lat' dir='ltr'><strong>diem</strong></span> <span class='ocrx_word' id='word_1_249' title='bbox 918 2885 958 2946; x_wconf 75' lang='lat' dir='ltr'><strong>X.</strong></span> <span class='ocrx_word' id='word_1_250' title='bbox 990 2886 1186 2948; x_wconf 75' lang='lat' dir='ltr'><strong>Decembris</strong></span> <span class='ocrx_word' id='word_1_251' title='bbox 1244 2882 1321 2944; x_wconf 87' lang='lat' dir='ltr'><strong>inda</strong></span> <span class='ocrx_word' id='word_1_252' title='bbox 1343 2882 1384 2944; x_wconf 77' lang='lat' dir='ltr'><strong>ab</strong></span> <span class='ocrx_word' id='word_1_253' title='bbox 1411 2886 1576 2956; x_wconf 78' lang='lat' dir='ltr'><strong>Antonino</strong></span> <span class='ocrx_word' id='word_1_254' title='bbox 1600 2889 1660 2953; x_wconf 86' lang='lat' dir='ltr'><strong>Pio</strong></span> <span class='ocrx_word' id='word_1_255' title='bbox 1681 2910 1783 2975; x_wconf 79' lang='lat' dir='ltr'><strong>usqua</strong></span> <span class='ocrx_word' id='word_1_256' title='bbox 1808 2894 1848 2955; x_wconf 73' lang='lat' dir='ltr'><strong>ad</strong></span> <span class='ocrx_word' id='word_1_257' title='bbox 1865 2893 1988 2958; x_wconf 60' lang='lat' dir='ltr'><strong>Gallie.</strong></span> 
     </span>
     <span class='ocr_line' id='line_1_27' title="bbox 443 2984 1988 3094; baseline 0.003 -41"><span class='ocrx_word' id='word_1_258' title='bbox 443 2993 520 3054; x_wconf 85' lang='lat' dir='ltr'><strong>huic</strong></span> <span class='ocrx_word' id='word_1_259' title='bbox 542 2987 707 3052; x_wconf 86' lang='lat' dir='ltr'><strong>iterationi</strong></span> <span class='ocrx_word' id='word_1_260' title='bbox 729 2984 996 3071; x_wconf 82' lang='lat' dir='ltr'><strong>praescribentis,</strong></span> <span class='ocrx_word' id='word_1_261' title='bbox 1030 2987 1099 3070; x_wconf 85' lang='lat' dir='ltr'><strong>ipsa</strong></span> <span class='ocrx_word' id='word_1_262' title='bbox 1120 3009 1187 3047; x_wconf 91' lang='lat' dir='ltr'><strong>mo·</strong></span> <span class='ocrx_word' id='word_1_263' title='bbox 1244 3005 1320 3044; x_wconf 85' lang='lat' dir='ltr'><strong>num</strong></span> <span class='ocrx_word' id='word_1_264' title='bbox 1340 2985 1817 3069; x_wconf 77' lang='lat' dir='ltr'><strong>singuiisKaIendisianueriis.</strong></span> <span class='ocrx_word' id='word_1_265' title='bbox 1861 2995 1988 3094; x_wconf 78' lang='lat' dir='ltr'><strong>Quibus</strong></span> 
     </span>
     <span class='ocr_line' id='line_1_28' title="bbox 442 3088 1989 3180; baseline -0.003 -26"><span class='ocrx_word' id='word_1_266' title='bbox 442 3104 613 3168; x_wconf 73' lang='lat' dir='ltr'><strong>conmenta,</strong></span> <span class='ocrx_word' id='word_1_267' title='bbox 634 3109 718 3177; x_wconf 83' lang='lat' dir='ltr'><strong>quae</strong></span> <span class='ocrx_word' id='word_1_268' title='bbox 737 3089 932 3172; x_wconf 83' lang='lat' dir='ltr'><strong>producam,</strong></span> <span class='ocrx_word' id='word_1_269' title='bbox 954 3088 1083 3150; x_wconf 83' lang='lat' dir='ltr'><strong>abunde</strong></span> <span class='ocrx_word' id='word_1_270' title='bbox 1101 3091 1188 3151; x_wconf 83' lang='lat' dir='ltr'><strong>refu·</strong></span> <span class='ocrx_word' id='word_1_271' title='bbox 1244 3088 1384 3168; x_wconf 79' lang='lat' dir='ltr'><strong>peractis</strong></span> <span class='ocrx_word' id='word_1_272' title='bbox 1416 3088 1530 3150; x_wconf 85' lang='lat' dir='ltr'><strong>eddam</strong></span> <span class='ocrx_word' id='word_1_273' title='bbox 1552 3094 1727 3172; x_wconf 82' lang='lat' dir='ltr'><strong>nonnulla,</strong></span> <span class='ocrx_word' id='word_1_274' title='bbox 1759 3115 1842 3180; x_wconf 74' lang='lat' dir='ltr'><strong>qaas</strong></span> <span class='ocrx_word' id='word_1_275' title='bbox 1870 3099 1989 3164; x_wconf 60' lang='lat' dir='ltr'><strong>docui.</strong></span> 
     </span>
     <span class='ocr_line' id='line_1_29' title="bbox 442 3189 1988 3283; baseline 0.005 -25"><span class='ocrx_word' id='word_1_276' title='bbox 442 3195 566 3262; x_wconf 72' lang='lat' dir='ltr'><strong>tabunt.</strong></span> <span class='ocrx_word' id='word_1_277' title='bbox 1135 3228 1141 3244; x_wconf 85' lang='lat'><strong>·</strong></span> <span class='ocrx_word' id='word_1_278' title='bbox 1242 3209 1317 3250; x_wconf 77' lang='lat' dir='ltr'><strong>nam</strong></span> <span class='ocrx_word' id='word_1_279' title='bbox 1340 3189 1423 3253; x_wconf 74' lang='lat' dir='ltr'><strong>beno</strong></span> <span class='ocrx_word' id='word_1_280' title='bbox 1453 3193 1574 3273; x_wconf 84' lang='lat' dir='ltr'><strong>partim</strong></span> <span class='ocrx_word' id='word_1_281' title='bbox 1605 3191 1752 3260; x_wconf 82' lang='lat' dir='ltr'><strong>efficient</strong></span> <span class='ocrx_word' id='word_1_282' title='bbox 1773 3189 1988 3283; x_wconf 52' lang='lat' dir='ltr'><strong>probabilem,</strong></span> 
     </span>
     <span class='ocr_line' id='line_1_30' title="bbox 506 3291 1990 3390; baseline 0.001 -28"><span class='ocrx_word' id='word_1_283' title='bbox 506 3296 689 3362; x_wconf 77' lang='lat' dir='ltr'><strong>REGVLA</strong></span> <span class='ocrx_word' id='word_1_284' title='bbox 703 3293 776 3359; x_wconf 84' lang='lat' dir='ltr'><strong>Vn.</strong></span> <span class='ocrx_word' id='word_1_285' title='bbox 809 3297 850 3356; x_wconf 83' lang='lat' dir='ltr'><strong>Irs</strong></span> <span class='ocrx_word' id='word_1_286' title='bbox 871 3314 1003 3376; x_wconf 75' lang='lat' dir='ltr'><strong>quorum</strong></span> <span class='ocrx_word' id='word_1_287' title='bbox 1019 3297 1189 3374; x_wconf 59' lang='lat' dir='ltr'><strong>ingustata·</strong></span> <span class='ocrx_word' id='word_1_288' title='bbox 1244 3291 1380 3372; x_wconf 79' lang='lat' dir='ltr'><strong>partim,</strong></span> <span class='ocrx_word' id='word_1_289' title='bbox 1409 3311 1494 3378; x_wconf 83' lang='lat' dir='ltr'><strong>quae</strong></span> <span class='ocrx_word' id='word_1_290' title='bbox 1515 3294 1588 3376; x_wconf 85' lang='lat' dir='ltr'><strong>ejus</strong></span> <span class='ocrx_word' id='word_1_291' title='bbox 1610 3295 1674 3361; x_wconf 82' lang='lat' dir='ltr'><strong>sint</strong></span> <span class='ocrx_word' id='word_1_292' title='bbox 1696 3300 1870 3368; x_wconf 79' lang='lat' dir='ltr'><strong>commode</strong></span> <span class='ocrx_word' id='word_1_293' title='bbox 1890 3323 1990 3390; x_wconf 78' lang='lat' dir='ltr'><strong>erpo·</strong></span> 
     </span>
     <span class='ocr_line' id='line_1_31' title="bbox 442 3398 1334 3475; baseline -0.008 -11"><span class='ocrx_word' id='word_1_294' title='bbox 442 3422 513 3464; x_wconf 85' lang='lat' dir='ltr'><strong>rrsm</strong></span> <span class='ocrx_word' id='word_1_295' title='bbox 529 3403 634 3464; x_wconf 77' lang='lat' dir='ltr'><strong>rumis</strong></span> <span class='ocrx_word' id='word_1_296' title='bbox 650 3401 723 3460; x_wconf 81' lang='lat' dir='ltr'><strong>trib·</strong></span> <span class='ocrx_word' id='word_1_297' title='bbox 733 3405 878 3475; x_wconf 80' lang='lat' dir='ltr'><strong>potestas</strong></span> <span class='ocrx_word' id='word_1_298' title='bbox 897 3398 986 3457; x_wconf 79' lang='lat' dir='ltr'><strong>intra</strong></span> <span class='ocrx_word' id='word_1_299' title='bbox 999 3417 1098 3457; x_wconf 83' lang='lat' dir='ltr'><strong>unum</strong></span> <span class='ocrx_word' id='word_1_300' title='bbox 1113 3417 1188 3458; x_wconf 83' lang='lat' dir='ltr'><strong>curs·</strong></span> <span class='ocrx_word' id='word_1_301' title='bbox 1220 3427 1224 3436; x_wconf 92' lang='lat'>·</span> <span class='ocrx_word' id='word_1_302' title='bbox 1245 3407 1334 3457; x_wconf 65' lang='lat' dir='ltr'><strong>nent</strong></span> 
     </span>
     <span class='ocr_line' id='line_1_32' title="bbox 441 3501 1246 3592; baseline -0.01 -27"><span class='ocrx_word' id='word_1_303' title='bbox 441 3509 574 3586; x_wconf 78' lang='lat' dir='ltr'><strong>drmrque</strong></span> <span class='ocrx_word' id='word_1_304' title='bbox 591 3519 710 3562; x_wconf 79' lang='lat' dir='ltr'><strong>conum</strong></span> <span class='ocrx_word' id='word_1_305' title='bbox 717 3501 1053 3592; x_wconf 73' lang='lat' dir='ltr'><strong>Irsls&#39;ursunsrmnqrsum</strong></span> <span class='ocrx_word' id='word_1_306' title='bbox 1069 3501 1189 3572; x_wconf 81' lang='lat' dir='ltr'><strong>uariat,</strong></span> <span class='ocrx_word' id='word_1_307' title='bbox 1243 3535 1246 3540; x_wconf 91' lang='lat'>·</span> 
     </span>
     <span class='ocr_line' id='line_1_33' title="bbox 1462 3602 1767 3672; baseline 0.02 -8"><span class='ocrx_word' id='word_1_308' title='bbox 1462 3602 1575 3668; x_wconf 67' lang='lat' dir='ltr'><strong>Ara</strong></span> <span class='ocrx_word' id='word_1_309' title='bbox 1587 3605 1767 3672; x_wconf 68' lang='lat' dir='ltr'><strong>Verre.</strong></span> 
     </span>
     <span class='ocr_line' id='line_1_34' title="bbox 433 3709 755 3786; baseline -0.009 -18"><span class='ocrx_word' id='word_1_310' title='bbox 433 3709 543 3786; x_wconf 75' lang='lat' dir='ltr'><strong>scisso</strong></span> <span class='ocrx_word' id='word_1_311' title='bbox 560 3714 755 3768; x_wconf 80' lang='lat' dir='ltr'><strong>renouatum.</strong></span> 
     </span>
    </p>
   </div>
   <div class='ocr_carea' id='block_1_5' title="bbox 502 3801 1991 3902">
    <p class='ocr_par' dir='ltr' id='par_1_5' title="bbox 502 3801 1991 3902">
     <span class='ocr_line' id='line_1_35' title="bbox 502 3801 1991 3902; baseline 0.004 -34"><span class='ocrx_word' id='word_1_312' title='bbox 502 3809 593 3870; x_wconf 83' lang='lat' dir='ltr'><strong>Haeo</strong></span> <span class='ocrx_word' id='word_1_313' title='bbox 617 3805 766 3870; x_wconf 87' lang='lat' dir='ltr'><strong>doctrina</strong></span> <span class='ocrx_word' id='word_1_314' title='bbox 797 3822 840 3868; x_wconf 76' lang='lat' dir='ltr'><strong>ex</strong></span> <span class='ocrx_word' id='word_1_315' title='bbox 867 3801 983 3886; x_wconf 83' lang='lat' dir='ltr'><strong>regula</strong></span> <span class='ocrx_word' id='word_1_316' title='bbox 1005 3803 1046 3870; x_wconf 83' lang='lat' dir='ltr'><strong>V.</strong></span> <span class='ocrx_word' id='word_1_317' title='bbox 1068 3815 1203 3902; x_wconf 31' lang='lat' dir='ltr'><strong>sponte·</strong></span> <span class='ocrx_word' id='word_1_318' title='bbox 1270 3848 1273 3858; x_wconf 80' lang='lat'>·</span> <span class='ocrx_word' id='word_1_319' title='bbox 1307 3801 1520 3873; x_wconf 76' lang='lat' dir='ltr'><strong>Probssisuns</strong></span> <span class='ocrx_word' id='word_1_320' title='bbox 1540 3805 1572 3866; x_wconf 90' lang='lat' dir='ltr'><strong>in</strong></span> <span class='ocrx_word' id='word_1_321' title='bbox 1591 3806 1991 3896; x_wconf 77' lang='lat' dir='ltr'><strong>hujuspriuoipismoaa-</strong></span> 
     </span>
    </p>
   </div>
   <div class='ocr_carea' id='block_1_6' title="bbox 435 3906 1186 4709">
    <p class='ocr_par' dir='ltr' id='par_1_6' title="bbox 435 3906 1186 4709">
     <span class='ocr_line' id='line_1_36' title="bbox 441 3906 1186 3993; baseline -0.011 -17"><span class='ocrx_word' id='word_1_322' title='bbox 441 3908 586 3993; x_wconf 82' lang='lat' dir='ltr'><strong>proiicit.</strong></span> <span class='ocrx_word' id='word_1_323' title='bbox 630 3913 713 3972; x_wconf 86' lang='lat' dir='ltr'><strong>Nam</strong></span> <span class='ocrx_word' id='word_1_324' title='bbox 743 3908 771 3971; x_wconf 89' lang='lat' dir='ltr'><strong>si</strong></span> <span class='ocrx_word' id='word_1_325' title='bbox 804 3913 846 3970; x_wconf 79' lang='lat' dir='ltr'><strong>‘ex</strong></span> <span class='ocrx_word' id='word_1_326' title='bbox 877 3927 941 3983; x_wconf 84' lang='lat' dir='ltr'><strong>eo,</strong></span> <span class='ocrx_word' id='word_1_327' title='bbox 980 3906 1067 3992; x_wconf 89' lang='lat' dir='ltr'><strong>quod</strong></span> <span class='ocrx_word' id='word_1_328' title='bbox 1101 3907 1186 3970; x_wconf 84' lang='lat' dir='ltr'><strong>intra</strong></span> 
     </span>
     <span class='ocr_line' id='line_1_37' title="bbox 439 4009 1186 4093; baseline -0.007 -16"><span class='ocrx_word' id='word_1_329' title='bbox 439 4013 581 4077; x_wconf 86' lang='lat' dir='ltr'><strong>eundem</strong></span> <span class='ocrx_word' id='word_1_330' title='bbox 613 4031 730 4074; x_wconf 83' lang='lat' dir='ltr'><strong>sunum</strong></span> <span class='ocrx_word' id='word_1_331' title='bbox 762 4009 920 4072; x_wconf 88' lang='lat' dir='ltr'><strong>lulianum</strong></span> <span class='ocrx_word' id='word_1_332' title='bbox 952 4011 1102 4093; x_wconf 86' lang='lat' dir='ltr'><strong>gensinus</strong></span> <span class='ocrx_word' id='word_1_333' title='bbox 1133 4029 1186 4072; x_wconf 89' lang='lat' dir='ltr'><strong>co·</strong></span> 
     </span>
     <span class='ocr_line' id='line_1_38' title="bbox 439 4099 1184 4196; baseline -0.009 -15"><span class='ocrx_word' id='word_1_334' title='bbox 439 4127 551 4182; x_wconf 82' lang='lat' dir='ltr'><strong>currat</strong></span> <span class='ocrx_word' id='word_1_335' title='bbox 567 4109 767 4188; x_wconf 85' lang='lat' dir='ltr'><strong>tribunatus,</strong></span> <span class='ocrx_word' id='word_1_336' title='bbox 790 4127 903 4196; x_wconf 81' lang='lat' dir='ltr'><strong>suapte</strong></span> <span class='ocrx_word' id='word_1_337' title='bbox 922 4099 1087 4195; x_wconf 83' lang='lat' dir='ltr'><strong>sequitur,</strong></span> <span class='ocrx_word' id='word_1_338' title='bbox 1108 4110 1184 4174; x_wconf 87' lang='lat' dir='ltr'><strong>trib.</strong></span> 
     </span>
     <span class='ocr_line' id='line_1_39' title="bbox 440 4213 1186 4303; baseline -0.007 -22"><span class='ocrx_word' id='word_1_339' title='bbox 440 4226 636 4303; x_wconf 77' lang='lat' dir='ltr'><strong>potestatem</strong></span> <span class='ocrx_word' id='word_1_340' title='bbox 671 4213 712 4276; x_wconf 88' lang='lat' dir='ltr'><strong>ab</strong></span> <span class='ocrx_word' id='word_1_341' title='bbox 750 4235 791 4276; x_wconf 85' lang='lat' dir='ltr'><strong>eo</strong></span> <span class='ocrx_word' id='word_1_342' title='bbox 835 4213 1050 4296; x_wconf 84' lang='lat' dir='ltr'><strong>imperatore,</strong></span> <span class='ocrx_word' id='word_1_343' title='bbox 1091 4213 1186 4297; x_wconf 81' lang='lat' dir='ltr'><strong>cujus</strong></span> 
     </span>
     <span class='ocr_line' id='line_1_40' title="bbox 439 4315 1184 4392; baseline -0.012 -4"><span class='ocrx_word' id='word_1_344' title='bbox 439 4335 516 4388; x_wconf 78' lang='lat' dir='ltr'><strong>suut</strong></span> <span class='ocrx_word' id='word_1_345' title='bbox 538 4319 561 4382; x_wconf 90' lang='lat' dir='ltr'><strong>ii</strong></span> <span class='ocrx_word' id='word_1_346' title='bbox 582 4315 690 4392; x_wconf 87' lang='lat' dir='ltr'><strong>numi,</strong></span> <span class='ocrx_word' id='word_1_347' title='bbox 721 4315 806 4380; x_wconf 83' lang='lat' dir='ltr'><strong>irstra</strong></span> <span class='ocrx_word' id='word_1_348' title='bbox 824 4335 941 4380; x_wconf 84' lang='lat' dir='ltr'><strong>annum</strong></span> <span class='ocrx_word' id='word_1_349' title='bbox 961 4315 1062 4380; x_wconf 81' lang='lat' dir='ltr'><strong>icisse</strong></span> <span class='ocrx_word' id='word_1_350' title='bbox 1088 4316 1184 4380; x_wconf 79' lang='lat' dir='ltr'><strong>itera·</strong></span> 
     </span>
     <span class='ocr_line' id='line_1_41' title="bbox 438 4415 1185 4502; baseline -0.013 -14"><span class='ocrx_word' id='word_1_351' title='bbox 438 4440 524 4501; x_wconf 88' lang='lat' dir='ltr'><strong>tem,</strong></span> <span class='ocrx_word' id='word_1_352' title='bbox 554 4419 740 4487; x_wconf 74' lang='lat' dir='ltr'><strong>necessario</strong></span> <span class='ocrx_word' id='word_1_353' title='bbox 771 4431 927 4502; x_wconf 88' lang='lat' dir='ltr'><strong>sequetur</strong></span> <span class='ocrx_word' id='word_1_354' title='bbox 956 4415 1084 4500; x_wconf 81' lang='lat' dir='ltr'><strong>etium,¹</strong></span> <span class='ocrx_word' id='word_1_355' title='bbox 1102 4419 1131 4502; x_wconf 78' lang='lat' dir='ltr'><strong>si</strong></span> <span class='ocrx_word' id='word_1_356' title='bbox 1152 4419 1185 4478; x_wconf 90' lang='lat' dir='ltr'><strong>iu</strong></span> 
     </span>
     <span class='ocr_line' id='line_1_42' title="bbox 437 4520 1186 4610; baseline -0.011 -20"><span class='ocrx_word' id='word_1_357' title='bbox 437 4527 617 4610; x_wconf 81' lang='lat' dir='ltr'><strong>cujuspiam</strong></span> <span class='ocrx_word' id='word_1_358' title='bbox 642 4521 848 4608; x_wconf 81' lang='lat' dir='ltr'><strong>imperatoris</strong></span> <span class='ocrx_word' id='word_1_359' title='bbox 873 4522 979 4582; x_wconf 82' lang='lat' dir='ltr'><strong>numia</strong></span> <span class='ocrx_word' id='word_1_360' title='bbox 996 4520 1081 4584; x_wconf 81' lang='lat' dir='ltr'><strong>intra</strong></span> <span class='ocrx_word' id='word_1_361' title='bbox 1108 4541 1186 4583; x_wconf 87' lang='lat' dir='ltr'><strong>eun·</strong></span> 
     </span>
     <span class='ocr_line' id='line_1_43' title="bbox 435 4621 1185 4709; baseline -0.003 -19"><span class='ocrx_word' id='word_1_362' title='bbox 435 4628 516 4692; x_wconf 87' lang='lat' dir='ltr'><strong>dem</strong></span> <span class='ocrx_word' id='word_1_363' title='bbox 542 4649 660 4692; x_wconf 81' lang='lat' dir='ltr'><strong>anuum</strong></span> <span class='ocrx_word' id='word_1_364' title='bbox 679 4627 838 4692; x_wconf 78' lang='lat' dir='ltr'><strong>lulianum</strong></span> <span class='ocrx_word' id='word_1_365' title='bbox 855 4644 1019 4709; x_wconf 85' lang='lat' dir='ltr'><strong>nunquam</strong></span> <span class='ocrx_word' id='word_1_366' title='bbox 1042 4621 1106 4688; x_wconf 85' lang='lat' dir='ltr'><strong>duo</strong></span> <span class='ocrx_word' id='word_1_367' title='bbox 1132 4645 1185 4688; x_wconf 80' lang='lat' dir='ltr'><strong>ra·</strong></span> 
     </span>
    </p>
   </div>
   <div class='ocr_carea' id='block_1_7' title="bbox 1241 3905 1990 4700">
    <p class='ocr_par' dir='ltr' id='par_1_7' title="bbox 1241 3905 1990 4700">
     <span class='ocr_line' id='line_1_44' title="bbox 1243 3905 1987 3996; baseline 0.023 -33"><span class='ocrx_word' id='word_1_368' title='bbox 1243 3913 1292 3979; x_wconf 87' lang='lat' dir='ltr'><strong>te,</strong></span> <span class='ocrx_word' id='word_1_369' title='bbox 1329 3923 1406 3968; x_wconf 83' lang='lat' dir='ltr'><strong>eum</strong></span> <span class='ocrx_word' id='word_1_370' title='bbox 1439 3905 1478 3972; x_wconf 80' lang='lat' dir='ltr'><strong>V·</strong></span> <span class='ocrx_word' id='word_1_371' title='bbox 1507 3908 1543 3973; x_wconf 84' lang='lat' dir='ltr'><strong>C.</strong></span> <span class='ocrx_word' id='word_1_372' title='bbox 1575 3907 1633 3992; x_wconf 87' lang='lat'><strong>7³¹</strong></span> <span class='ocrx_word' id='word_1_373' title='bbox 1668 3910 1741 3971; x_wconf 89' lang='lat' dir='ltr'><strong>trib.</strong></span> <span class='ocrx_word' id='word_1_374' title='bbox 1775 3927 1939 3996; x_wconf 83' lang='lat' dir='ltr'><strong>potestate</strong></span> <span class='ocrx_word' id='word_1_375' title='bbox 1967 3935 1987 3980; x_wconf 76' lang='lat' dir='ltr'><strong>e</strong></span> 
     </span>
     <span class='ocr_line' id='line_1_45' title="bbox 1243 4005 1984 4098; baseline 0.022 -34"><span class='ocrx_word' id='word_1_376' title='bbox 1243 4011 1357 4098; x_wconf 47' lang='lat' dir='ltr'><strong>anain</strong></span> <span class='ocrx_word' id='word_1_377' title='bbox 1386 4005 1558 4086; x_wconf 81' lang='lat' dir='ltr'><strong>donatum,</strong></span> <span class='ocrx_word' id='word_1_378' title='bbox 1589 4025 1710 4096; x_wconf 76' lang='lat' dir='ltr'><strong>utque,</strong></span> <span class='ocrx_word' id='word_1_379' title='bbox 1739 4025 1775 4075; x_wconf 86' lang='lat' dir='ltr'><strong>ut</strong></span> <span class='ocrx_word' id='word_1_380' title='bbox 1798 4014 1984 4092; x_wconf 55' lang='lat' dir='ltr'><strong>sericiani!</strong></span> 
     </span>
     <span class='ocr_line' id='line_1_46' title="bbox 1244 4107 1986 4200; baseline 0.016 -30"><span class='ocrx_word' id='word_1_381' title='bbox 1244 4121 1313 4184; x_wconf 82' lang='lat' dir='ltr'><strong>est,</strong></span> <span class='ocrx_word' id='word_1_382' title='bbox 1336 4107 1532 4182; x_wconf 77' lang='lat' dir='ltr'><strong>dtexxvtt.</strong></span> <span class='ocrx_word' id='word_1_383' title='bbox 1556 4113 1649 4176; x_wconf 83' lang='lat' dir='ltr'><strong>lunii.</strong></span> <span class='ocrx_word' id='word_1_384' title='bbox 1693 4111 1786 4196; x_wconf 80' lang='lat' dir='ltr'><strong>Ergo</strong></span> <span class='ocrx_word' id='word_1_385' title='bbox 1800 4113 1829 4178; x_wconf 87' lang='lat' dir='ltr'><strong>si</strong></span> <span class='ocrx_word' id='word_1_386' title='bbox 1847 4117 1986 4200; x_wconf 84' lang='lat' dir='ltr'><strong>siugulis</strong></span> 
     </span>
     <span class='ocr_line' id='line_1_47' title="bbox 1243 4209 1990 4294; baseline 0.015 -22"><span class='ocrx_word' id='word_1_387' title='bbox 1243 4209 1335 4272; x_wconf 85' lang='lat' dir='ltr'><strong>aunis</strong></span> <span class='ocrx_word' id='word_1_388' title='bbox 1360 4211 1423 4275; x_wconf 93' lang='lat' dir='ltr'><strong>boc</strong></span> <span class='ocrx_word' id='word_1_389' title='bbox 1451 4213 1510 4278; x_wconf 81' lang='lat' dir='ltr'><strong>die</strong></span> <span class='ocrx_word' id='word_1_390' title='bbox 1526 4235 1596 4280; x_wconf 78' lang='grc' dir='ltr'>οιιιι</span> <span class='ocrx_word' id='word_1_391' title='bbox 1628 4214 1777 4294; x_wconf 77' lang='lat' dir='ltr'><strong>iteravit,</strong></span> <span class='ocrx_word' id='word_1_392' title='bbox 1807 4217 1902 4283; x_wconf 86' lang='lat' dir='ltr'><strong>inivit</strong></span> <span class='ocrx_word' id='word_1_393' title='bbox 1931 4221 1990 4282; x_wconf 83' lang='lat' dir='ltr'><strong>tri·</strong></span> 
     </span>
     <span class='ocr_line' id='line_1_48' title="bbox 1243 4311 1986 4390; baseline 0.02 -17"><span class='ocrx_word' id='word_1_394' title='bbox 1243 4311 1397 4378; x_wconf 82' lang='lat' dir='ltr'><strong>bonosum</strong></span> <span class='ocrx_word' id='word_1_395' title='bbox 1434 4315 1596 4386; x_wconf 77' lang='lat' dir='ltr'>xxxv-11.</span> <span class='ocrx_word' id='word_1_396' title='bbox 1627 4318 1747 4382; x_wconf 80' lang='lat' dir='ltr'><strong>eodem</strong></span> <span class='ocrx_word' id='word_1_397' title='bbox 1785 4311 1840 4382; x_wconf 86' lang='lat' dir='ltr'><strong>die</strong></span> <span class='ocrx_word' id='word_1_398' title='bbox 1875 4323 1919 4390; x_wconf 78' lang='lat' dir='ltr'><strong>V.</strong></span> <span class='ocrx_word' id='word_1_399' title='bbox 1950 4324 1986 4388; x_wconf 85' lang='lat' dir='ltr'><strong>C.</strong></span> 
     </span>
     <span class='ocr_line' id='line_1_49' title="bbox 1241 4415 1988 4508; baseline 0.011 -30"><span class='ocrx_word' id='word_1_400' title='bbox 1241 4415 1322 4498; x_wconf 73' lang='lat'><strong>767,</strong></span> <span class='ocrx_word' id='word_1_401' title='bbox 1351 4435 1458 4502; x_wconf 83' lang='lat' dir='ltr'><strong>usqne</strong></span> <span class='ocrx_word' id='word_1_402' title='bbox 1488 4417 1610 4484; x_wconf 79' lang='lat' dir='ltr'><strong>addere</strong></span> <span class='ocrx_word' id='word_1_403' title='bbox 1640 4419 1739 4484; x_wconf 83' lang='lat' dir='ltr'><strong>alium</strong></span> <span class='ocrx_word' id='word_1_404' title='bbox 1769 4419 1907 4507; x_wconf 78' lang='lat' dir='ltr'><strong>emplius</strong></span> <span class='ocrx_word' id='word_1_405' title='bbox 1927 4443 1988 4508; x_wconf 80' lang='lat' dir='ltr'><strong>po·</strong></span> 
     </span>
     <span class='ocr_line' id='line_1_50' title="bbox 1242 4517 1985 4610; baseline 0.009 -31"><span class='ocrx_word' id='word_1_406' title='bbox 1242 4517 1324 4593; x_wconf 87' lang='lat' dir='ltr'><strong>tuit,</strong></span> <span class='ocrx_word' id='word_1_407' title='bbox 1354 4539 1428 4584; x_wconf 81' lang='lat' dir='ltr'><strong>cuns</strong></span> <span class='ocrx_word' id='word_1_408' title='bbox 1448 4521 1630 4586; x_wconf 78' lang='lat' dir='ltr'><strong>excesserit</strong></span> <span class='ocrx_word' id='word_1_409' title='bbox 1660 4521 1715 4590; x_wconf 88' lang='lat' dir='ltr'><strong>die</strong></span> <span class='ocrx_word' id='word_1_410' title='bbox 1736 4525 1823 4586; x_wconf 78' lang='lat' dir='ltr'>xlx.</span> <span class='ocrx_word' id='word_1_411' title='bbox 1846 4517 1985 4610; x_wconf 76' lang='lat' dir='ltr'><strong>Augusti</strong></span> 
     </span>
     <span class='ocr_line' id='line_1_51' title="bbox 1243 4617 1987 4700; baseline 0.02 -21"><span class='ocrx_word' id='word_1_412' title='bbox 1243 4617 1389 4700; x_wconf 85' lang='lat' dir='ltr'><strong>ejusdem</strong></span> <span class='ocrx_word' id='word_1_413' title='bbox 1405 4623 1488 4690; x_wconf 84' lang='lat' dir='ltr'><strong>anni.</strong></span> <span class='ocrx_word' id='word_1_414' title='bbox 1532 4625 1687 4695; x_wconf 84' lang='lat' dir='ltr'><strong>Eundem</strong></span> <span class='ocrx_word' id='word_1_415' title='bbox 1706 4651 1879 4696; x_wconf 85' lang='lat' dir='ltr'><strong>numerum</strong></span> <span class='ocrx_word' id='word_1_416' title='bbox 1899 4645 1987 4700; x_wconf 84' lang='lat' dir='ltr'><strong>rete·</strong></span> 
     </span>
    </p>
   </div>
   <div class='ocr_carea' id='block_1_8' title="bbox 0 0 2242 5564">
    <p class='ocr_par' dir='ltr' id='par_1_8' title="bbox 0 0 2242 5564">
     <span class='ocr_line' id='line_1_52' title="bbox 0 0 2242 5564; baseline 0 3"><span class='ocrx_word' id='word_1_417' title='bbox 0 0 2242 5564; x_wconf 95' lang='lat' dir='ltr'><strong> </strong></span> 
     </span>
    </p>
   </div>
  </div>
 </body>
</html>
