4482 5560
313 423 334 510 1
379 506 385 516 .
440 436 512 525 sto
549 478 552 486 ι
689 513 700 536 ,
1041 427 1260 513 'ateva
1300 429 1365 506 m.

443 617 485 684 de
501 615 618 681 eodem
633 613 725 678 hello
740 612 790 678 bis
805 612 926 678 dietum
944 609 1191 695 imperatorem,
1243 611 1371 696 reliqua
1381 610 1493 676 omnia
1506 613 1678 679 Caesarum
1694 619 1823 684 nomina
1836 642 1985 705 praeces.

442 724 475 784 in
495 719 590 802 hujus
607 716 713 780 numia
731 712 901 800 probabile
919 711 997 776 diri.
1147 717 1170 756 ,¹
1244 713 1297 780 sit.
1339 714 1419 795 Ejus
1437 713 1513 776 laeti
1533 718 1714 802 testimonis
1731 723 1912 789 certissima
1930 728 1984 790 rel
2047 757 2055 766 ³

506 825 658 904 Magnam
685 831 835 882 monetae
858 813 1086 899 imperatoriae
1116 835 1188 898 par·
1244 836 1326 878 uuus
1345 815 1529 900 suppeditat
1548 821 1614 882 Dio
1632 822 1775 901 Cassius,
1806 847 1891 910 quaa
1909 850 1985 911 pro·

375 977 379 986 .
442 941 510 989 tem
523 917 803 1002 booimpera'toris
822 917 1025 981 exsictoriis
1043 915 1209 1000 elogium·
1243 931 1357 1000 pterea
1374 918 1465 982 lubet
1484 919 1611 1004 integra
1626 942 1897 992 commemorare.
1935 934 1984 996 tle

356 1027 362 1036 .
443 1025 554 1091 addito
572 1012 878 1104 ¹inguper-,nunero
899 1017 1092 1102 praeferre,
1119 1019 1203 1102 ipsa.
1243 1021 1383 1104 primum
1403 1021 1436 1082 in
1457 1022 1536 1085 sctis
1560 1023 1634 1086 anni
1649 1027 1688 1092 V.
1704 1027 1738 1088 C.
1760 1029 1824 1109 708
1845 1029 1926 1094 haec
1944 1033 1986 1096 de

444 1133 591 1214 inspecta
606 1122 732 1192 abunde
751 1122 861 1186 docet.
903 1124 947 1185 At
957 1120 1108 1195 observo,
1131 1137 1203 1202 po··
1245 1123 1328 1186 lulio
1349 1123 1487 1186 Caesare
1511 1126 1687 1190 memoriae
1714 1129 1825 1210 prodit
1840 1132 1888 1212 c):
1918 1137 1988 1198 S'ed

326 1239 345 1256 ‘¹
445 1249 602 1297 stremum
616 1225 716 1288 luisse
729 1223 936 1297 Caracallum,
959 1223 1014 1304 qni
1027 1221 1189 1284 illustrem
1244 1225 1496 1309 etimperatoris
1514 1229 1628 1290 immeo
1644 1233 1676 1290 ei
1692 1235 1984 1312 deereos'tsenatas,
2015 1263 2018 1266 ·
2053 1295 2062 1314 ,

445 1333 533 1396 linne
563 1327 692 1390 titulum
723 1337 874 1388 monetae
895 1323 1078 1407 inscripsit,
1113 1341 1188 1385 cum
1244 1337 1504 1410 nantoatnmpro
1518 1333 1906 1413 antiqnaooasssetndine,
1922 1324 2011 1420 qna-⁴

444 1435 509 1516 jam
524 1449 609 1494 nuuc
627 1428 791 1512 paullatim
809 1440 920 1512 vetpra
936 1423 1068 1543 imperil
1085 1424 1189 1489 lt.in·
1244 1431 1330 1492 illati
1347 1449 1418 1492 enm
1435 1433 1512 1506 alii,
1542 1440 1611 1492 tum
1630 1429 1837 1518 ipsequoqac
1857 1437 1988 1516 saepius

447 1535 566 1597 stituta
575 1530 628 1594 vel
648 1527 790 1612 negligi,
814 1529 867 1592 vel
883 1526 1051 1610 eorrumpi
1067 1525 1188 1609 incipe·
1244 1550 1285 1592 oe
1295 1532 1385 1592 bello
1399 1542 1657 1610 reportaverant,
1679 1539 1779 1615 sieque
1793 1555 1833 1597 eo
1849 1537 1985 1614 ratione,

443 1649 531 1699 rent
574 1634 697 1694 Tamen
732 1630 765 1690 in
792 1630 939 1692 Postumi
961 1640 1090 1692 moneta
1120 1641 1189 1690 tan·
1244 1633 1396 1712 pratilli,
1426 1637 1483 1714 pai
1500 1644 1656 1694 adoratam
1678 1639 1727 1696 rei
1745 1641 1906 1715 paneadae
1929 1641 1986 1700 ati·

446 1756 541 1820 qoam
554 1732 718 1818 singulare
735 1729 814 1814 quid
829 1727 973 1794 occurrit
987 1730 1077 1794 tstP.
1091 1730 1130 1796 V
1153 1739 1187 1790 et
1243 1735 1526 1807 ministrationem,
1544 1723 1616 1798 ari
1631 1740 1732 1799 alsam
1751 1741 1912 1820 quandam
1929 1759 1988 1817 po·

443 1838 533 1900 tntu.
547 1834 588 1898 X.
632 1833 699 1895 Sed
717 1832 850 1896 durasse
868 1829 1002 1895 adhuo'
993 1852 1028 1894 ιιι
1049 1848 1188 1892 ruarmo·
1244 1841 1389 1896 testatem
1415 1839 1630 1916 accipiebant,
1669 1841 1876 1916 imperatores
1907 1843 1987 1904 dicti

394 1957 397 1962 ·
445 1940 555 2013 ribus,
591 1935 653 1998 etsi
674 1932 801 1996 rariore
824 1930 894 2016 ejus
919 1952 997 2010 osu,
1036 1921 1187 2012 oxinpta
1244 1945 1332 2009 sant,
1355 1939 1649 2001 sedillssdomnino
1665 1943 1768 2017 ipsam
1785 1943 1988 2032 imperatoris

444 2034 924 2117 nonnullaattulitDuoangius
941 2039 983 2114 ¹¹.)
1004 2030 1188 2095 Obviisunt
1244 2053 1374 2112 nomon,
1396 2040 1483 2119 pund
1499 2041 1658 2114 nunciis,
1680 2044 1737 2123 qai
1753 2043 1989 2121 imperiumod·

446 2140 544 2204 solidi
560 2158 651 2200 aurei
642 2134 846 2200 Theodosii
864 2137 921 2210 11..
942 2137 1028 2198 inter
1044 2154 1134 2214 cnjus
1150 2133 1189 2196 ts
1243 2138 1363 2212 tinent,
1386 2141 1553 2213 tribuitur,
1576 2143 1629 2201 illi
1645 2145 1844 2218 lamprimo,
1867 2164 1907 2204 aa
1919 2165 1987 2222 prs

445 2239 788 2321 tnloslegituretiams
811 2237 1189 2319 tnP.xxxx11.,qpem
1246 2259 1330 2300 mum
1350 2243 1491 2322 qnidam,
1523 2251 1675 2322 tanquam
1697 2262 1811 2304 nomen
1828 2247 1988 2325 quoddam

447 2342 487 2404 ad
499 2356 647 2412 veterem
663 2339 800 2404 militnm
811 2339 1075 2407 acclamationem
1085 2335 1189 2400 refert
1241 2344 1407 2418 propriam
1423 2360 1605 2420 apposuere.
1627 2373 1668 2386 -
1681 2375 1724 2386 -
1737 2373 1779 2388 -
1799 2348 1905 2426 Atque
1913 2347 1988 2408 iside

447 2443 634 2531 Dupangius
653 2441 701 2524 lt).
744 2446 787 2504 At
807 2441 874 2503 dixi
890 2444 923 2506 in
943 2441 1038 2522 hujus
1053 2438 1189 2519 Augusti
1245 2443 1472 2518 illudnomen,
1494 2446 1719 2523 oelntpropria
1731 2447 1846 2506 summi
1861 2449 1988 2525 imperii
2048 2450 2051 2458 ’

408 2593 412 2608 .
446 2546 573 2619 numis,
608 2564 649 2606 eo
668 2563 805 2604 numero
823 2542 958 2606 indicari
976 2542 1189 2624 anuosimpe·
1246 2546 1435 2622 appellatio,
1457 2547 1718 2625 quemadmodum
1736 2549 1989 2610 etnomenCae·

447 2650 499 2711 rii.
521 2636 782 2728 Gallienum'pro
798 2643 915 2706 iterato
932 2643 1137 2724 imperatoris
1153 2641 1191 2703 ti·
1247 2647 1350 2719 saria,
1373 2648 1420 2706 ad
1433 2665 1558 2719 omnes,
1579 2649 1636 2728 pai
1655 2650 1756 2709 sconti
1772 2658 1861 2722 snat,
1893 2649 1989 2726 impe·

447 2748 516 2812 tulo
540 2766 575 2808 se
594 2766 726 2812 vocasse
745 2766 778 2812 v.
797 2765 827 2810 e.
846 2744 1075 2812 Germanicum
1090 2743 1193 2808 Maxi·
1246 2756 1370 2808 ratores
1384 2749 1579 2834 dimanavit,
1598 2757 1776 2809 nontamen
1791 2751 1918 2810 radiata
1933 2771 1989 2812 ιιιι·

446 2872 535 2914 mum
550 2861 619 2921 ter,
642 2847 696 2910 vel
710 2847 842 2924 V.,‘vel
862 2847 1030 2931 scripsisse
1041 2843 1191 2916 VICTO·
1247 2851 1337 2929 liqna
1352 2851 1448 2925 lsssjsss
1464 2850 1603 2910 nominis
1614 2851 1757 2924 ratione,
1779 2853 1838 2910 sed
1853 2860 1988 2934 atraque

446 2953 530 3018 RIA.
549 2947 725 3019 AVG.V1.
746 2951 818 3018 Vll.
840 2950 934 3017 vul.
954 2962 1017 3012 eta.
1036 2948 1069 3008 in
1094 2944 1190 3028 hujus
1234 2951 1385 3028 intepra.
1403 2953 1645 3033 Itaqneitensm
1661 2937 2012 3025 insperatoris'nomen·

446 3066 577 3118 monets
596 3051 755 3138 diximus,
777 3063 810 3113 et
832 3049 949 3114 similia
973 3049 1122 3131 exempla
1138 3067 1191 3110 oo·
1247 3051 1294 3112 eis
1305 3051 1466 3125 tribuitur,
1484 3071 1554 3114 enm
1565 3053 1883 3133 victoriamalipssom
1893 3057 1989 3114 talem

378 3163 386 3179 ⁰
448 3167 584 3220 currunt
598 3152 630 3227 in
644 3151 749 3216 runis
762 3151 920 3216 Postumi.
964 3150 1049 3217 Vide
1067 3149 1192 3232 praeci·
1246 3154 1390 3214 retulere.
1423 3155 1631 3232 Imperatoris
1644 3154 1747 3232 ipitnr
1764 3155 1987 3234 appellatione,
2097 3141 2101 3148 ¹

445 3277 510 3340 pue
530 3252 1190 3334 innonnumuminsn·iprumP.1tt.Tlt.
1247 3255 1331 3316 aaut
1353 3257 1506 3338 reliquis,
1536 3255 1989 3333 omnesimperatoresoodem

446 3359 484 3419 P.
502 3357 589 3420 lMP.
607 3358 647 3425 V.
663 3371 726 3420 eto.
745 3355 819 3418 anni
837 3355 877 3420 V.
892 3355 928 3418 C.
951 3353 1040 3418 iord.
1247 3373 1366 3435 smspor
1380 3359 1491 3430 modo,
1513 3365 1546 3416 et
1563 3357 1623 3418 dac
1638 3357 1766 3436 puidam
1779 3357 1884 3432 primo
1908 3357 1987 3426 loco,

510 3459 584 3522 Atia
600 3455 801 3532 testimonia,
824 3475 905 3539 quae
920 3455 1007 3520 bunc
1030 3475 1071 3518 ex
1092 3454 1191 3520 sicto·
1246 3463 1386 3518 utantur.
1411 3460 1475 3534 Qui
1495 3475 1568 3520 vero
1588 3459 1624 3518 in
1637 3458 1718 3519 dello
1734 3477 1801 3520 rem
1820 3476 1857 3520 eo
1875 3475 1990 3536 capno·

446 3562 505 3625 riis
522 3560 649 3624 titulum
667 3558 900 3645 comprobant,
922 3557 1077 3624 continuo
1092 3559 1126 3620 in
1140 3575 1191 3620 se·
1246 3568 1351 3620 mento
1368 3560 1501 3637 <tiquam
1514 3559 1632 3638 pessit,
1648 3559 1690 3618 is
1705 3560 1832 3636 pariter
1851 3577 1892 3620 ea
1907 3558 1990 3618 onti·
2013 3635 2016 3640 Ι

448 3663 624 3752 quentibos
638 3647 796 3726 dabimus.
1246 3677 1312 3741 qua
1328 3661 1554 3750 consuetudine
1571 3661 1772 3736 imperatoris
1786 3661 1913 3720 titulum
1932 3660 1989 3718 ad·

732 3805 762 3847 ,
814 3759 833 3800 *
895 3803 916 3844 4
1247 3761 1374 3834 sciscit,
1396 3763 1480 3822 unda
1497 3736 1551 3839 fil,
1573 3768 1610 3820 stt
1631 3761 1710 3841 qnis-
1719 3761 1851 3832 iterant,
1881 3761 1987 3828 tertio,

509 3866 622 3929 Tertia
637 3861 778 3928 nominis
803 3859 1008 3945 imperatorii
1031 3829 1191 3944 significa·
1247 3881 1287 3924 aa
1301 3863 1546 3934 totiesomnino,
1561 3862 1684 3941 quoties
1701 3861 1910 3932 commeator,
1930 3861 1987 3916 ins·

407 3951 410 3962 ’
447 3938 493 4032 tio
510 3985 577 4044 est,
601 3989 663 4052 qua
680 3967 890 4028 snmmnmin
909 3961 1097 4048 imperiill.
1115 3980 1192 4044 pro·
1242 3971 1374 4041 perator
1386 3963 1632 4040 cognominetur
1675 3955 1892 4020 Praeclaram
1913 3977 1989 4037 pan·

445 4071 568 4132 vincias
589 4069 639 4150 jus
659 4065 879 4144 indicabatur,
902 4087 958 4151 qus
948 4066 1079 4152 bonos
1094 4075 1131 4125 ut
1147 4061 1189 4126 ab
1246 4061 1293 4125 cis
1314 4059 1395 4122 hoec
1415 4069 1465 4144 ost
1485 4059 1606 4134 oratio,
1635 4059 1711 4143 quia
1730 4059 1864 4142 insuper
1885 4057 1989 4140 tripli·

445 4171 505 4234 illo
517 4167 794 4250 distingueretur,
815 4165 912 4250 quern
927 4167 1084 4233 victoriae
1100 4165 1190 4230 inre·
1246 4180 1318 4224 cem
1335 4159 1420 4222 tituli
1429 4156 1633 4244 imperatorii
1645 4159 1925 4244 significationem,
1946 4159 1987 4222 ds

444 4291 527 4338 arere
540 4316 550 4349 ,
564 4270 677 4334 dictus
692 4267 887 4336 iuitnomen
905 4268 1190 4354 imperatoristsn·
1247 4283 1310 4348 qus
1328 4263 1484 4326 haetenus
1507 4261 1654 4346 egimus,
1678 4259 1858 4327 confirmat.
1901 4263 1989 4326 Eun·

447 4371 541 4460 qnam
559 4390 778 4460 praenomen,
800 4369 875 4455 quis
890 4367 977 4432 istud
992 4369 1188 4455 plerumque
1246 4364 1322 4430 dem
1350 4362 1487 4430 subinde
1512 4365 1672 4430 honorem
1695 4363 1859 4431 affectavit
1879 4365 1989 4449 dugd-

464 4687 512 4757 ·s)
531 4686 653 4743 Dissert.
675 4682 713 4742 de
731 4691 811 4742 nuni.
833 4681 884 4739 ini.
904 4680 969 4741 sevi
989 4681 1012 4756 l.
1032 4656 1095 4747 38..
1149 4679 1183 4756 b)
1201 4679 1223 4740 l.
1242 4699 1277 4742 c.·
1342 4685 1371 4760 o)
1390 4684 1421 4743 1..
1441 4685 1544 4751 XLlfl.
1563 4689 1591 4762 l.
1609 4692 1657 4754 ists.
