4404 5564
633 556 710 631 an
743 555 1031 634 vonvnan
1063 557 1309 636 rnmvu.
1721 585 1743 649 τ

503 726 539 789 Ρ.
556 723 609 788 lle.

247 829 411 913 lejunnm,
435 824 574 903 Fateor,
599 824 663 888 boe
682 826 758 890 loeo
779 837 928 890 monetae

181 929 390 994 Britannicae
410 927 531 992 veteris
547 929 729 1012 catalogum
754 925 929 1004 dederam,

181 1045 281 1116 atque
301 1031 387 1094 hunc
403 1029 503 1092 etiam
520 1041 609 1093 tanto
632 1029 733 1114 magis
757 1049 930 1114 aspernan-

182 1133 279 1210 dnm,
306 1131 381 1218 quia
400 1151 442 1194 ne
465 1129 529 1214 ipsi
548 1131 645 1194 etiam
665 1129 716 1193 illi
737 1141 822 1208 tres,
846 1151 927 1216 quos

182 1236 273 1298 solos
292 1233 465 1311 dederam,
488 1246 610 1296 certam
633 1231 695 1296 sibi
718 1245 853 1316 possunt
873 1251 928 1314 pa·

182 1339 280 1400 triam
295 1335 461 1402 vindicare
478 1335 688 1400 Britanniam.
709 1334 797 1396 Ussit
814 1353 853 1396 ea
872 1353 926 1396 res

181 1439 348 1502 eruditum
364 1435 546 1523 quempiam
563 1435 723 1520 ingiam,
743 1433 799 1518 qui
816 1434 926 1520 vulga·

179 1554 247 1604 tam
267 1541 350 1604 bane
364 1559 382 1602 a
395 1557 447 1600 me
464 1537 587 1603 veteris
605 1557 705 1620 gazae
719 1535 924 1598 Britannicae

178 1643 350 1726 penuriam
376 1659 453 1702 aute
476 1637 688 1722 opprobrium
711 1635 817 1722 gentis
833 1635 925 1702 ⁴urbi·

178 1757 281 1806 tratus
298 1753 489 1826 sequentem
505 1737 545 1802 ad
562 1757 634 1814 me,
651 1738 865 1802 dissimultate
880 1749 924 1800 ta·

175 1863 254 1906 men
271 1862 331 1906 suo
345 1841 495 1916 nomine,
511 1838 683 1919 epistolam
700 1837 799 1914 dedit,
816 1860 921 1923 quam,

175 1943 292 2008 Latina
307 1943 469 2026 accipiam,
483 1953 518 2004 ut
532 1959 732 2022 acceperam,
749 1939 920 2023 integram,

174 2045 267 2107 nullo
289 2045 344 2110 vel
366 2043 457 2127 apice
478 2055 533 2106 aut
553 2033 688 2116 addito,
703 2053 757 2104 nut
776 2039 919 2125 dempto,

173 2159 229 2208 aut
245 2146 413 2208 immutato
429 2143 482 2208 hic
499 2163 575 2208 eum
595 2141 721 2207 lectore
743 2145 920 2207 communi·

175 2261 277 2312 estam
301 2245 388 2312 solo.

368 2434 430 2496 Vir
452 2431 661 2496 doctissime!

241 2551 336 2615 »Tibi
351 2551 500 2637 ignotus,
524 2564 557 2614 et
578 2570 660 2634 ergo
682 2547 836 2633 ἀνονυμος,
858 2549 918 2613 sed

176 2667 299 2718 amator
309 2653 413 2717 lamae
426 2666 510 2726 tuae,
529 2651 680 2736 quasdam
698 2651 918 2716 observatiun·

175 2757 264 2820 celas
278 2755 312 2817 in
327 2775 408 2839 opus
421 2767 511 2816 tuum
525 2755 705 2838 egregium,
721 2753 773 2816 etti
789 2751 916 2816 titulus:

174 2857 331 2922 Doctrina
344 2876 516 2920 numerum
532 2869 594 2918 etc.
609 2855 668 2917 tibi
679 2853 845 2919 submitto.
861 2855 918 2916 Di·

174 2959 289 3024 stantia
310 2957 374 3024 loci
392 2973 423 3022 te
442 2959 642 3021 litteraturae
660 2971 790 3020 nostrae
806 2957 918 3041 Angli·

175 3083 272 3125 canae
286 3061 491 3144 inexpertem
505 3057 658 3134 reddidit,
672 3079 735 3121 nee
748 3079 829 3121 unus
843 3078 918 3122 ecu-

175 3165 226 3226 lns
247 3161 355 3226 omnia
374 3159 488 3226 videre
506 3174 623 3244 potest.
646 3160 730 3224 Hinc
750 3160 791 3224 de
811 3159 917 3223 numia

173 3262 368 3326 Britannicis
381 3260 536 3345 judicium
548 3275 638 3324 tuum
650 3261 786 3324 eruditis
797 3262 916 3326 nostris

173 3367 268 3428 valde
289 3363 467 3449 displicuit,
490 3364 665 3446 presertim
684 3383 757 3426 eum
776 3377 861 3426 totus
879 3364 916 3424 li·

174 3467 236 3528 ber
260 3477 335 3528 tuns
356 3463 559 3528 inscientiam
595 3465 639 3544 (si
663 3465 711 3526 ins
738 3463 794 3544 sit)
828 3476 914 3525 tuam

173 3567 368 3650 scriptorum
384 3580 571 3629 nostrorum
584 3565 626 3629 de
643 3587 679 3628 re
694 3563 914 3628 numismatica

171 3669 384 3734 demonstrat.
403 3668 501 3732 Haud
517 3667 669 3754 equidem
686 3667 819 3751 ignoro,
839 3687 914 3730 cen-

172 3793 280 3836 suram
298 3791 317 3832 a
332 3785 367 3836 te
385 3770 483 3834 latam
498 3791 571 3834 esse
590 3769 727 3834 eandem
743 3769 808 3836 viri
824 3767 913 3832 docti

987 747 1044 792 eae
1060 727 1222 811 reperias,
1241 742 1275 792 et
1291 728 1429 812 plurima
1446 749 1529 798 nota
1545 731 1729 815 excogitata

986 841 1080 892 antea
1106 828 1320 912 scriptoribus
1341 830 1467 914 ignota,
1494 832 1543 896 uti
1567 833 1596 896 ai
1621 853 1732 898 exem·
1754 873 1780 896 ,.

987 929 1078 1010 plum
1095 949 1221 1014 ponere
1241 928 1336 1009 licet,
1362 953 1478 997 numos
1503 933 1731 1020 imperatorios
1751 996 1757 1014 ,

985 1029 1095 1116 magni
1112 1030 1215 1109 aeris,
1237 1053 1327 1097 asses
1346 1034 1444 1120 vulgo
1463 1034 1585 1114 dictes,
1611 1051 1739 1104 aester·-

984 1133 1048 1199 tios
1065 1151 1138 1196 este
1158 1133 1287 1200 evincit.
1308 1135 1378 1198 Sed
1394 1136 1475 1200 haec
1494 1136 1629 1200 obiter«

1050 1233 1153 1310 anibi,
1169 1233 1220 1298 vir
1232 1235 1372 1313 erudita,
1383 1239 1520 1302 maxime
1534 1239 1729 1303 commendo
1748 1259 1754 1270 ·

983 1331 1087 1397 libros
1100 1347 1228 1400 nostros
1244 1357 1385 1421 nuperos
1399 1339 1441 1402 de
1454 1361 1491 1402 re
1506 1341 1728 1406 numismaticn

984 1453 1189 1518 comparare,
1216 1438 1306 1522 quod
1323 1437 1437 1516 iacile,
1459 1441 1488 1502 ai
1506 1439 1548 1504 cl.
1565 1440 1724 1526 bibliopo·
1747 1495 1751 1506 .

982 1535 1034 1600 lae
1060 1536 1218 1602 Edwards
1240 1539 1274 1602 itt
1300 1539 1372 1607 viee
1394 1543 1544 1605 Pallmall
1569 1543 1727 1622 Londini,

982 1637 1036 1700 cni
1061 1658 1134 1700 cum
1157 1639 1351 1705 Vindobona
1372 1643 1626 1719 commercium,
1651 1659 1685 1708 et
1708 1668 1726 1709 a

982 1758 1047 1820 quo
1063 1737 1183 1802 librum
1200 1753 1290 1803 tuum
1310 1743 1390 1820 emi,
1416 1743 1561 1808 mandata
1582 1742 1723 1811 deleres.

980 1839 1071 1902 llaec
1099 1839 1237 1925 epistola
1261 1843 1465 1908 solummodo
1492 1857 1618 1929 spectat
1641 1845 1723 1928 judi·

970 1939 1065 2003 'einm
1085 1955 1175 2004 tuum
1194 1942 1235 2006 de
1256 1941 1361 2008 numis'
1378 1946 1566 2022 Britonum;
1589 1967 1663 2010 nam
1690 1961 1724 2012 et

978 2055 1105 2104 certum
1124 2057 1188 2120 est,
1211 2045 1323 2128 plures
1341 2047 1394 2110 bic
1410 2061 1581 2132 repertos,
1599 2047 1722 2112 fabrica

978 2158 1012 2206 et
1028 2144 1141 2226 typica
1156 2144 1289 2214 Gallicis
1306 2167 1440 2228 prorsus
1453 2149 1645 2226 abhorrere,
1663 2171 1721 2212 nu·

977 2267 1048 2308 snus
1071 2247 1267 2310 Cunobelini
1293 2249 1381 2330 regis
1408 2263 1518 2312 entare
1543 2251 1719 2332 plurimos,

977 2361 1011 2410 et
1023 2347 1146 2430 aliquot
1159 2346 1194 2406 in
1204 2347 1408 2410 Piultertonii
1421 2369 1522 2432 opere
1537 2351 1637 2425 (inter
1649 2356 1721 2436 plu·

975 2447 1026 2510 ria
1040 2447 1102 2512 alia
1117 2449 1308 2512 numismata
1324 2449 1476 2525 Persica,
1493 2449 1635 2528 Graeca,
1656 2455 1722 2516 llo·

975 2569 1078 2626 mana,
1093 2549 1234 2632 primum
1251 2570 1292 2612 ex
1307 2549 1503 2614 collectione
1518 2553 1721 2618 Hunteriana
1763 2559 1774 2580 ⁹

975 2653 1155 2734 exsculpta)
1182 2665 1293 2716 extare
1320 2651 1471 2716 indubiae
1495 2667 1603 2719 notae.
1636 2655 1719 2718 Sunt
1761 2665 1771 2674 “

975 2761 1010 2814 et
1033 2753 1122 2814 numi
1143 2753 1314 2815 Britonem
1340 2773 1381 2816 ex
1403 2773 1505 2836 cupro
1530 2769 1565 2818 et
1589 2769 1716 2835 amnne,

975 2853 1029 2916 cni
1053 2853 1176 2917 similes
1202 2853 1320 2918 Gallici
1343 2874 1546 2938 nequaquam
1567 2870 1643 2919 sunt
1666 2877 1718 2920 re·

975 2954 1074 3038 perti.
1102 2955 1201 3032 Vale,
1228 2955 1279 3018 vir
1301 2955 1449 3033 erudite,
1473 2970 1507 3019 et
1530 2956 1642 3023 literas
1667 2981 1718 3021 en

974 3077 1053 3119 nare
1077 3077 1190 3142 perge.
1222 3056 1347 3121 Dabam
1368 3057 1510 3120 Londini
1535 3080 1648 3124 mense
1672 3064 1717 3124 la·

973 3158 1088 3222 uuario
1108 3168 1215 3243 ¹794*

1037 3261 1130 3343 Ergo
1154 3259 1206 3326 cir
1228 3259 1391 3336 eruditus,
1422 3260 1568 3346 quisquis
1593 3263 1620 3324 is
1649 3277 1715 3339 est,

974 3381 1079 3424 meam
1097 3363 1308 3442 inscientiam
1326 3360 1521 3444 scriptorum
1542 3360 1584 3426 de
1601 3383 1639 3425 re
1658 3383 1717 3424 nn·

973 3457 1151 3524 mismatica
1165 3460 1403 3524 Britanieoruna
1419 3462 1453 3523 in
1469 3465 1595 3527 crimen
1611 3479 1713 3542 vocat,

973 3561 1064 3644 cnjus
1087 3583 1139 3625 me
1161 3583 1241 3626 onus
1263 3567 1368 3628 minus
1387 3565 1508 3648 premit
1526 3579 1713 3650 propterea,

962 3662 1124 3749 .quaniam
1138 3664 1171 3726 ei
1181 3663 1320 3728 ferendo
1331 3667 1485 3730 humeros
1496 3687 1625 3752 quoqne
1637 3687 1712 3730 suos

971 3779 1157 3850 supponunt
1168 3765 1375 3848 Vaiilantius,
1392 3768 1594 3847 Harduinns,
1611 3769 1713 3833 Froe-

171 3873 297 3936 loannia
322 3873 501 3936 Pinlserton
526 3871 617 3936 Scoti
644 3871 677 3933 in
705 3892 807 3955 opere
836 3891 911 3948 suo,
970 3867 1310 3946 lichius,Pellerinius
1325 3883 1402 3948 etc,
1417 3871 1712 3956 quinetBaymius,

171 3975 222 4037 cui
247 3977 374 4039 titulus:
403 3975 455 4036 An
477 3975 579 4058 Essay
603 3994 645 4038 on
660 3973 787 4036 Medals
805 3995 836 4056 p.
849 3974 911 4056 295
969 3969 1095 4040 Wisius
1122 3984 1155 4034 et
1178 3985 1291 4035 auctor
1315 3972 1420 4036 musci
1444 3973 1711 4050 Pembroeltiani,

171 4097 258 4161 seqq.
283 4078 397 4146 Voll.
419 4077 628 4162 nuperrimae
656 4073 808 4137 editionis
829 4076 909 4156 178q
969 4073 1076 4158 quiin
1098 4073 1167 4157 ipsa
1186 4073 1371 4153 Britannia,
1398 4087 1432 4138 et
1452 4089 1557 4140 aetate
1578 4089 1708 4140 nostrae

171 4180 236 4254 8'0,
253 4177 311 4242 sed
326 4179 362 4240 iu
375 4179 438 4243 boe
452 4179 574 4263 judicio
591 4177 707 4262 Anglis
721 4177 841 4240 nostris
858 4196 910 4239 er-
966 4175 1072 4240 viciua
1094 4176 1274 4258 scripsere,
1301 4177 1365 4260 qui·
1380 4197 1493 4241 omnes
1516 4177 1549 4240 in
1568 4178 1633 4240 suis
1657 4199 1708 4240 ur·

171 4302 242 4342 rare
268 4279 434 4344 virescat.
466 4284 509 4343 Et
536 4281 616 4344 mihi
640 4278 856 4356 condonabis,
882 4278 910 4340 si
965 4277 1071 4354 bium,
1091 4298 1289 4362 regumque,
1313 4279 1467 4362 catalogis
1484 4281 1565 4342 nihil
1583 4281 1709 4342 Britan·

171 4383 275 4444 obiter
297 4381 383 4444 bunc
407 4382 527 4445 librum
553 4381 613 4444 tibi
638 4380 848 4457 commendo,
874 4393 910 4442 ut
966 4381 1075 4442 nicam
1085 4393 1433 4457 commemoraverunt,
1446 4380 1621 4464 quodame
1631 4381 1709 4444 iuis·

171 4483 261 4546 nobis
284 4483 448 4548 illustrem
468 4483 616 4568 pluribus
635 4483 846 4558 editionibus,
874 4494 908 4544 et
964 4497 1015 4546 set
1031 4481 1308 4566 praetermissum.
1333 4481 1422 4574 Quid
1438 4480 1526 4566 qnod
1543 4495 1576 4546 et
1596 4483 1707 4546 bume-

171 4611 187 4650 a
210 4586 315 4650 doctis
338 4587 474 4665 nostris,
510 4599 544 4650 et
571 4609 590 4650 a
616 4585 658 4647 el.
683 4583 906 4646 Barthclemio
964 4605 1020 4648 ros
1037 4583 1314 4662 suescommodat
1330 4583 1554 4660 clcombins,
1576 4585 1632 4670 qui
1648 4607 1707 4646 nu·

169 4688 342 4754 laudatum.
370 4689 420 4748 lbi
443 4687 589 4752 notitiam
610 4685 788 4751 absolutam
813 4706 907 4769 prae-
963 4708 1063 4772 perus
1077 4707 1197 4769 praeco
1213 4687 1317 4747 musei
1331 4685 1536 4762 lienteriani,
1552 4707 1616 4770 qno
1633 4686 1706 4748 iilu-

170 4790 266 4852 sentis
284 4789 479 4854 conditionis
495 4790 544 4853 rei
562 4803 692 4852 nostrae
711 4786 908 4851 numismati·
964 4787 1062 4852 atrius
1079 4785 1244 4852 Britannia
1263 4808 1330 4852 nen
1349 4787 1463 4864 babet,
1492 4787 1622 4850 unicum
1644 4787 1709 4852 Ve-
