4404 5564
523 562 570 640 w
1099 555 1490 631 ADDENDA

695 721 735 786 P.
753 720 821 798 ubl.
842 724 904 786 col.
919 741 948 788 a.
968 725 1027 787 lin.
1043 723 1091 788 13.

584 827 676 888 Haeo
690 823 831 910 adoptio,
851 827 898 889 sie
915 839 950 903 ut
966 826 1038 910 quis
1055 827 1174 892 eodem
1188 843 1270 893 tem·

521 954 605 1020 pore
626 932 770 1017 plurium
793 949 865 992 esse
890 929 1018 991 orbium
1040 930 1125 993 filius
1145 947 1268 1016 posset,

518 1051 556 1100 ut
572 1033 816 1106 intenGraeeos
833 1032 944 1110 valuit,
965 1033 1008 1096 ita
1026 1035 1150 1098 Romae
1168 1035 1268 1101 vetita

517 1140 589 1204 luit.
622 1137 755 1199 Diserte
783 1135 870 1199 istud
896 1136 1029 1200 Cicero:
1063 1139 1139 1220 (pro
1165 1138 1264 1200 Corn.

516 1239 622 1304 Balbo
646 1260 674 1304 c.
696 1240 759 1320 ιι.)
799 1241 954 1302 Duarum
978 1224 1156 1302 civitatum
1181 1243 1266 1302 civis

516 1368 587 1406 csse
607 1357 717 1404 resero
732 1343 807 1419 jure
826 1343 921 1403 civili
941 1363 1034 1404 nemo
1048 1355 1174 1424 potest,
1199 1363 1264 1403 non

517 1468 586 1508 csse
603 1444 700 1522 hujus
717 1443 870 1506 civitatis
887 1446 986 1518 cittis,
1011 1447 1070 1522 qui
1088 1467 1123 1506 se
1140 1445 1203 1506 ulii
1221 1447 1266 1506 ci·

516 1549 621 1610 vitati
635 1547 758 1608 dicerit
771 1556 893 1625 potest.
916 1546 959 1606 Et
975 1543 1074 1606 iufra:
1093 1546 1186 1628 (Cap.
1201 1547 1266 1627 ra.)

519 1651 632 1728 Atqui
659 1661 788 1709 ceterae
809 1648 964 1708 civitates
987 1667 1098 1708 omnes
1120 1669 1185 1709 non
1208 1649 1266 1708 du·

519 1752 667 1812 ditarent
685 1759 816 1810 nostros
833 1749 976 1827 recipere
993 1752 1031 1811 in
1050 1769 1131 1810 suus
1148 1751 1267 1810 eivita-

1326 730 1430 812 eapite
1452 727 1609 814 Philippi
1635 730 1809 795 senioris.
1845 729 1992 811 (Lettere
2011 728 2042 787 Τ.
2055 727 2083 790 l.

1326 853 1359 916 p.
1375 833 1509 917 xxtx.)
1546 889 1550 900 .

1453 1104 1491 1168 Ρ.
1513 1103 1589 1167 208.
1615 1104 1691 1168 c'ol.
1714 1125 1744 1166 ι.
1758 1115 1846 1186 port
1862 1105 1925 1166 lr'n.
1939 1121 1981 1182 ¹7·

1328 1274 1636 1341 TIGRANES
1663 1275 1716 1338 ll.
1739 1290 1778 1364 et
1794 1297 1895 1338 soror
1916 1267 2081 1336 ERATO.

1386 1472 1633 1543 BACIAGTC.
1701 1473 1978 1544 ΒΑΟΙΛΕΩΝ.
2034 1469 2079 1530 Tl-

1323 1575 1353 1642 Γ
1354 1579 1522 1644 ΡΑΝΗΟ.
1560 1585 1681 1666 Caput
1714 1587 1815 1667 regis
1839 1579 1985 1658 juvenile
2005 1577 2076 1636 tium

1325 1686 1533 1746 Armeniaca
1553 1697 1698 1750 tertam.
1725 1681 1753 1743 x
1780 1677 1963 1745 ΕΡΑΤΩ.
1979 1671 2075 1736 BACl·

1323 1779 1468 1850 AGssC.
1496 1781 1769 1852 ΤΙΓΡΑΝΟΤ.
1793 1775 2005 1850 AAGA‘I’H.
2032 1777 2076 1836 ca·

518 1865 584 1928 res,
609 1851 640 1911 .ιί
657 1851 743 1910 idem
767 1867 827 1910 nos
841 1849 935 1925 juris·
950 1847 1157 1926 haberemus,
1179 1853 1267 1929 quod
1320 1899 1383 1967 pm·
1401 1888 1536 1949 Eram,
1557 1888 1630 1952 ΑΕ.
1645 1892 1693 1955 11·

518 1951 679 2016 ceteri-
688 1951 856 2028 -naque
870 1953 906 2010 in
917 1948 1056 2012 Graecis
1070 1952 1266 2014 civitatibus

516 2056 681 2127 videmus,
701 2051 848 2114 Athenis
866 2051 1028 2128 Rhodios,
1047 2054 1265 2114 Lacedaemo·

516 2158 606 2232 nius,
636 2167 764 2216 ceteros
786 2155 930 2232 nudique
951 2157 1115 2233 adscribi,
1144 2159 1265 2216 multa·

516 2275 652 2336 rumque
670 2277 740 2318 esre
758 2256 887 2318 eosdem
903 2255 1053 2318 domines
1077 2260 1262 2320 civitatum.

689 2459 728 2524 P.
744 2461 812 2523 165.
832 2460 895 2524 col.
910 2483 935 2523 ι.
959 2462 1020 2526 lin.
1037 2461 1088 2528 32.

582 2581 690 2641 Alium
720 2603 828 2664 nuper
857 2601 929 2644 eum
953 2580 1052 2642 simili
1080 2595 1157 2664 typo
1180 2583 1264 2660 ejus·

511 2681 592 2743 'dem
621 2683 805 2745 Caracallae
832 2683 933 2744 edidit
961 2683 1002 2747 el.
1016 2682 1180 2758 visconti,
1207 2682 1265 2743 sed

516 2785 547 2844 in
568 2805 631 2866 qno
654 2784 855 2867 epigraphen
881 2784 979 2867 legit:
1005 2781 1051 2849 A.
1073 2781 1167 2846 ΑΙΛ.
1192 2783 1262 2847 ΤΕ.

516 2881 904 2949 ΓΤΜΝΑΟΙΑΡΧΗΟ.
994 2884 1264 2950 ΑΝΕΘΗΚΕΝ.

516 2983 815 3049 ΛΑΟΔῙΚΕΩΝ.
845 2982 1132 3052 ΝΕΩΚΟΡΩΝ.
1159 2991 1263 3073 (Mus.

515 3089 716 3152 Pio-clem.
744 3091 782 3154 Τ.
806 3090 861 3156 VL
894 3090 1012 3172 pes.)
1063 3091 1115 3149 En
1156 3112 1264 3154 exem·

514 3192 605 3274 plum
640 3193 777 3253 alterum
801 3190 1064 3274 gymnasiarclrae
1098 3192 1131 3252 iu
1158 3195 1263 3256 numis

514 3309 647 3378 praeter
664 3317 795 3356 numum
817 3294 970 3377 Pergami
989 3295 1124 3376 Mysiae.
1154 3297 1263 3360 Minus

513 3412 621 3484 tamen
638 3389 782 3472 adridet,
812 3397 899 3481 qnod
919 3396 969 3460 vir
986 3397 1132 3459 eruditus
1155 3399 1264 3463 videa·

514 3515 568 3561 tur
582 3501 738 3572 inuuere,
755 3499 833 3562 alias
850 3520 962 3562 omnes
980 3501 1161 3582 lectiones3
1185 3525 1262 3586 quas

516 3602 571 3664 alii
591 3623 633 3664 ex
652 3603 757 3664 numis
777 3601 934 3664 similibus
957 3604 1262 3688 promulgaverunt,

514 3705 644 3769 fallere.
656 3705 773 3766 Plures
789 3707 909 3768 sanein
927 3707 1113 3788 magistratu
1130 3707 1264 3788 Pigrete

516 3807 800 3890 conspiraverunt,
819 3821 851 3870 et
872 3809 1040 3892 Pigretem
1062 3810 1176 3871 Carem
1197 3829 1263 3870 me-

514 3922 621 3971 morat
639 3909 840 3992 Polyaenus,
866 3913 1002 3992 (nvn.
1024 3933 1052 3976 e.
1066 3913 1112 3992 3.)
1140 3925 1172 3974 et
1192 3911 1262 3971 Sui-

515 4009 581 4074 das.
619 4010 709 4094 (NB.
732 4013 787 4073 Ait
810 4011 932 4075 ibidem
954 4014 1118 4090 visconti,
1146 4035 1261 4074 numos

516 4113 639 4176 similes
671 4113 712 4176 ad
740 4114 938 4178 Laodiceam
967 4117 1079 4199 Syriae
1111 4121 1262 4200 region:-

514 4217 677 4278 volmentc
697 4227 730 4276 et
749 4223 1013 4282 unanime-mente
1028 4219 1163 4296 referri,
1188 4239 1260 4281 eum

513 4333 621 4383 tumen
651 4316 804 4402 plerique
835 4319 970 4383 alteram
1006 4321 1168 4405 Phrygiae
1200 4343 1263 4384 ma·

515 4421 594 4500 lint,
630 4441 666 4486 ae
694 4421 870 4508 praecipue
892 4424 1091 4488 Pelleriuius
1122 4423 1217 4508 (Mel.
1237 4429 1261 4488 1.

514 4526 633 4608 rm)

644 4713 772 4796 13:172.
791 4714 854 4780 col.
875 4729 904 4778 a.
916 4723 994 4793 post
1010 4713 1071 4778 lin.
1092 4713 1122 4776 3.

576 4831 706 4914 Adjecit
744 4833 841 4898 alium
872 4831 970 4898 abbas
1008 4831 1155 4896 Sestiuus
1187 4853 1260 4897 eum

1385 2022 1627 2094 BACIAGTC.
1650 2025 1856 2112 [Merme.
1880 2017 2006 2084 NGOC.
2026 2011 2072 2072 Tl·
2148 2059 2150 2106 Ι

1324 2121 1525 2193 ΓΡΑΝΗΟ.
1549 2134 1657 2212 Caput
1674 2135 1778 2212 regis
1792 2129 1911 2193 simile
1927 2119 2011 2182 Ξυ-
2024 2113 2070 2173 TI·
2149 2139 2150 2216 ζ

1322 2223 1523 2295 ΙῬΑΝΟΤ.
1544 2227 1770 2297 ΑΛΕΛΦΗ.
1800 2235 1914 2311 Caput
1937 2217 2066 2286 ›nulietre
2148 2217 2150 2281 l

1323 2327 1443 2397 simile}
1469 2335 1539 2398 ΑΕ.
1555 2336 1592 2394 11.
1617 2335 1831 2414 (Pinlterton
1852 2335 1928 2393 Ess.
1943 2345 1982 2388 on
1999 2313 2064 2380 med·

1323 2431 1397 2498 Vol.
1414 2436 1439 2496 Ι.
1457 2456 1488 2516 p.
1505 2436 1576 2500 300.
1596 2457 1637 2498 ex
1652 2459 1776 2502 museo
1799 2430 1963 2508 Hunter.)

1385 2572 1537 2635 Priorem
1559 2597 1712 2654 numum,
1745 2590 1869 2640 nactus
1893 2581 1943 2633 est
1963 2565 2063 2624 Rornae

1323 2673 1459 2758 insignis
1481 2676 1531 2740 vir
1559 2677 1729 2742 doetrinae
1761 2677 1937 2742 Hernicus
1956 2659 2062 2728 sancte·

1324 2777 1479 2853 mentius,
1524 2780 1659 2843 subinde
1700 2783 1872 2848 Vaticano
1911 2779 2061 2835 numerum

1324 2901 1436 2943 museo
1460 2881 1642 2946 liberaliter
1661 2886 1774 2950 cessit.
1801 2887 1891 2946 Eum
1911 2885 2012 2962 postea
2027 2861 2056 2923 el·

1323 2964 2059 3056 nmsmmwmemmomt

1323 3087 1474 3164 (benere
1503 3091 1540 3152 Τ.
1560 3091 1599 3156 V.
1626 3113 1656 3172 p.
1673 3092 1714 3159 V.
1736 3106 1771 3153 er
1791 3084 1931 3164 XVHb)
1959 3077 2058 3137 Noster

1323 3186 1378 3249 bie
1401 3170 1561 3272 'l'igranes
1585 3207 1700 3274 quotus
1723 3193 1764 3254 sit
1788 3194 1880 3254 inter
1904 3171 2056 3248 Armeniae

1321 3313 1420 3375 reges
1451 3295 1688 3370 numerandus,
1718 3317 1785 3356 non
1821 3293 1900 3357 satis
1929 3297 1992 3348 tuto
2011 3291 2054 3386 ptr

1321 3408 1385 3457 test
1407 3393 1546 3458 definiri.
1581 3399 1631 3457 Ex
1654 3397 1789 3480 regibus
1814 3397 1912 3478 hujus
1934 3381 2056 3449 numius

1323 3499 1465 3560 omnium
1484 3499 1621 3562 maxime
1644 3500 1780 3563 illustris
1807 3500 1873 3562 fuit
1896 3497 1938 3569 is,
1961 3481 2009 3570 qul
2025 3493 2052 3588 ⁵⁶.

1321 3603 1444 3684 primus
1462 3605 1634 3685 Magnum,
1657 3623 1844 3687 regemque·
1864 3613 1976 3682 regum
2002 3583 2053 3642 dlffl

1321 3703 1434 3782 voluit,
1450 3703 1574 3785 Syriam
1590 3687 1704 3786 rapriit,
1720 3706 1823 3768 victus
1841 3697 1959 3766 deinde
1974 3689 2049 3752 abu·

1322 3804 1409 3867 cullo
1426 3807 1612 3891 aPompejo
1627 3811 1671 3872 M.
1691 3805 1875 3870 debellatus
1890 3802 1958 3867 luit.
1980 3793 2051 3898 Fui·

1321 3904 1406 3968 ritne
1438 3919 1511 3970 ante
1542 3909 1627 3972 hune
1658 3911 1773 3994 aliquis
1803 3911 1889 3974 alter
1918 3901 2047 3984 Tigrem!

1319 4008 1463 4085 nomine,
1486 4031 1551 4071 uon
1574 4012 1649 4074 satis
1672 4013 1794 4096 liquet,
1818 4007 2003 4080 Vaillautius
2023 3991 2048 4050 lu

1321 4131 1524 4194 suovregum
1554 4113 1732 4178 Armeniae
1763 4117 1929 4199 catalogo,
1965 4113 2046 4190 (1¹¹0m

1319 4213 1481 4299 principio
1511 4215 1669 4295 indicavi,
1710 4240 1860 4303 magnum
1894 4219 1974 4280 hune
2004 4197 2049 4262 'sl'

1321 4339 1454 4402 granem
1484 4331 1578 4382 vocat
1600 4321 1637 4380 ΙΙ.
1662 4335 1768 4384 natum
1794 4324 1935 4406 Tigrane
1955 4317 1992 4376 l..
2021 4311 2046 4362 ⁰¹

1321 4421 1391 4502 ejus
1420 4435 1536 4484 testem
1567 4420 1676 4484 laudat
1706 4423 1921 4500 Strabonem,
1949 4425 2046 4482 retum

1322 4503 2045 4610 qmnnnnmfflmnmamd

1320 4641 1527 4711 praetensum
1547 4627 1640 4710 hujus
1660 4643 1785 4711 patrem
1810 4633 1980 4716 Tigranem
1998 4607 2047 4680 ⁸⁸11

1321 4729 1496 4814 Tigranem
1524 4735 1567 4794 M.
1596 4733 1775 4814 pertinent,
1798 4755 1895 4817 quern
1920 4745 1992 4812 vage
2012 4713 2046 4780 Εἰ(

1319 4831 1419 4897 luisse
1439 4832 1576 4914 Αρτιιξιιι
1594 4833 1756 4918 deorsam,
1776 4836 1809 4898 id
1830 4851 1897 4899 est:
1926 4827 2045 4896 tratisw
