4430 5568
646 467 722 544 DE
757 467 942 548 NVMIS
976 465 1282 548 VOTORVM.
1377 475 1383 484 '
1663 499 1736 572 nar

195 654 287 725 atati·
306 654 508 740 incompleto
533 667 696 722 votorum.
709 655 805 724 otiam
830 651 942 722 sinili-
998 674 1051 718 me
1071 651 1270 741 praeatitiaae
1300 653 1468 734 exiatinro,
1498 674 1649 728 votorum
1677 679 1739 734 ιιι·

145 784 155 806 ·
196 755 310 822 tudine
342 743 481 840 ampliu·
511 756 746 824 consolidaret.
788 757 876 853 Quid
906 759 939 821 iu
999 771 1259 844 tum,qnatanua
1281 755 1309 819 ia
1331 757 1473 844 intelligi
1493 765 1662 827 eunomia
1682 787 1741 850 po-

196 857 262 924 lxoc
284 857 464 922 tribunatuo
485 858 638 922 Caeanrei
658 858 783 922 calculo
808 859 941 942 pracati·
998 853 1082 936 t'aat,
1126 857 1303 945 proponitie
1341 859 1521 926 obaervatia
1560 884 1741 948 exponere,
1856 881 1860 890 '
1973 877 1977 888 “

197 961 294 1038 ierit,
324 958 402 1023 alibi
423 958 583 1038 (linimur,
613 959 690 1046 quid
712 962 745 1022 iu
767 973 941 1046 praesento
999 981 1082 1047 quae
1113 958 1264 1046 quidem,
1305 961 1450 1046 quinquie
1479 974 1602 1028 attente
1632 968 1742 1051 perle-

198 1074 351 1128 rotorum
379 1074 591 1142 argumento,
620 1065 682 1126 etei
705 1083 846 1148 operoae
868 1081 945 1127 con·
1001 1063 1104 1147 gerit,
1126 1059 1217 1124 ultro
1238 1059 1411 1138 fatebitur,
1440 1063 1577 1148 cingulis
1599 1070 1744 1136 erudito·

199 1157 343 1248 accipto‘,
374 1173 463 1225 tanto
493 1164 597 1248 magia
628 1161 762 1229 diilieile
784 1179 835 1230 eat
856 1165 944 1228 doci·
999 1185 1072 1227 rum
1090 1162 1276 1240 cententiia,
1299 1181 1377 1248 quaa
1395 1170 1666 1247 commemoravi,
1688 1191 1743 1258 pa·

198 1263 298 1340 olere,
329 1260 488 1348 quiajam
510 1263 651 1347 primurn
674 1286 803 1331 caueam
828 1268 942 1352 ipaarn,
999 1263 1064 1328 lam
1086 1263 1263 1330 advertori.

199 1385 295 1452 ςιιιιι
315 1381 525 1448 propugnare
554 1380 588 1428 et
609 1366 775 1454 explicare
797 1367 944 1430 intende·
1062 1365 1157 1458 Quae
1178 1383 1261 1449 ergo
1283 1365 1316 1429 in
1338 1365 1389 1430 bia
1419 1367 1566 1435 tenebria
1586 1368 1628 1433 ad
1650 1383 1745 1438 roto·

199 1482 270 1546 rat,
297 1477 366 1552 tam
394 1465 566 1549 ambigue,
595 1482 629 1532 et
656 1470 797 1534 obecnre
824 1489 944 1554 propo·
999 1487 1073 1532 rum
1095 1467 1345 1553 intelligentiam
1367 1465 1520 1536 ridentur
1537 1489 1634 1553 potae
1651 1460 1742 1554 erni,

198 1569 279 1648 cuit,
301 1581 338 1632 ut
361 1567 413 1634 vel
436 1569 468 1631 in
492 1568 557 1632 boc
576 1569 670 1632 nobie
695 1573 879 1658 interprete
901 1573 944 1634 eit
1000 1570 1082 1636 baec
1103 1569 1175 1634 lere
1197 1569 1349 1653 reperio:
1372 1567 1449 1640 iude
1471 1568 1510 1632 ab
1526 1571 1675 1655 Angusto
1695 1573 1746 1637 in.

198 1692 298 1756 opua,
328 1689 365 1734 ac
390 1668 532 1756 denique
554 1671 705 1736 univerae
728 1675 801 1758 ejoa
824 1673 945 1738 doctri·
1000 1671 1153 1736 atitutora
1173 1669 1364 1737 decennalia
1382 1670 1472 1734 annia
1488 1670 1531 1736 x,
1550 1675 1673 1738 exactio
1694 1675 1746 1740 in·

198 1793 241 1838 ue
271 1771 460 1857 conquiaitio
491 1773 636 1860 undique
666 1795 707 1838 ex
740 1774 876 1839 biatoria
904 1793 943 1838 ιο
1000 1775 1080 1837 iaae-
1096 1772 1218 1850 aolnta,
1249 1772 1354 1837 serina
1382 1786 1511 1857 tempu·
1533 1791 1571 1836 ea
1593 1773 1745 1842 aolvondi

197 1885 329 1938 monete
350 1885 466 1938 vetere
488 1874 665 1959 exemplia,
695 1895 734 1940 ιο
757 1895 854 1962 aoepe
876 1877 945 1942 vio·
1000 1892 1043 1936 ex
1065 1893 1161 1939 cauca
1181 1871 1250 1940 nire
1272 1873 1374 1957 juata,
1404 1875 1474 1941 aive
1495 1875 1666 1942 arbitraria
1687 1891 1744 1946 ant
1881 1883 1887 1894 ⁴

197 1972 307 2038 lenter
326 1973 367 2041 ad
389 1995 517 2038 caueant
539 1973 660 2040 adactis
678 1992 872 2063 perpetuum
894 1989 945 2042 eat
1000 1974 1101 2040 fuitee
1144 1975 1370 2062 anticipatum,
1422 1990 1478 2042 aut
1518 1990 1743 2064 prorogatum.

196 2075 433 2160 aenigmatum,
457 2095 494 2140 ao
515 2076 670 2142 orationi·
689 2077 848 2145 obscurae
867 2099 944 2145 eon·
1000 2077 1093 2140 Haec
1115 2076 1254 2141 variatae
1276 2098 1341 2142 non
1364 2077 1398 2140 in
1421 2077 1473 2140 hie
1498 2081 1569 2142 unia
1591 2094 1743 2146 votorum

196 2179 355 2264 lucaeque
375 2191 615 2260 argumentum.
1000 2177 1190 2242 eoleunibua
1210 2179 1412 2246 observetur.
1453 2179 1603 2244 Diximua
1625 2183 1657 2244 in
1681 2197 1747 2249 tra·

261 2279 329 2344 Cur
348 2277 381 2339 in
407 2276 472 2342 hoo
496 2292 646 2343 votorum
663 2283 812 2346 examine
828 2301 942 2364 parum
1000 2291 1087 2344 ctntu
1104 2279 1145 2341 (le
1165 2279 1334 2346 tribunicia
1352 2275 1531 2363 po'teatate,
1553 2283 1636 2348 banc
1656 2287 1745 2368 prin·

196 2377 261 2446 virt
281 2376 317 2442 bi
339 2375 511 2444 cloriaaimi
529 2382 749 2466 profecerint,
777 2382 943 2466 duplicem
1000 2380 1087 2465 cipio
1108 2395 1295 2447 renovatam
1325 2381 1426 2444 initae
1449 2381 1503 2446 die
1525 2383 1623 2446 natali
1644 2387 1747 2470 impe·

196 2479 297 2548 video
314 2497 387 2544 etue
404 2500 551 2561 caueam,
573 2497 669 2568 alque
686 2503 781 2548 nuum
799 2484 942 2570 quidem,
999 2484 1057 2560 rii,
1077 2496 1111 2546 nt
1133 2479 1233 2546 (locet
1257 2483 1475 2568 experientia,
1498 2483 1622 2548 circum
1643 2487 1745 2552 Anto·

198 2579 274 2668 quia
302 2579 479 2668 acriptorea
506 2597 639 2652 reterea
667 2583 861 2668 explicatam
886 2605 945 2649 no·
999 2585 1152 2647 uiuorum
1184 2595 1348 2669 tempora,
1381 2604 1420 2649 ac
1449 2585 1607 2670 deinceps
1636 2587 1746 2670 placu-

197 2682 249 2747 bia
271 2701 387 2749 eorum
408 2669 573 2770 rationem'
589 2705 656 2751 non
678 2687 862 2767 tradidere,
897 2703 944 2752 at·
999 2685 1064 2748 icae
1083 2703 1155 2748 eom
1171 2687 1323 2753 renovari
1337 2684 1496 2750 Kalendis
1511 2686 1677 2752 lanuariia.
1707 2691 1746 2752 ln

197 2803 262 2872 que
292 2785 354 2851 elai
381 2806 449 2852 nou
477 2810 554 2854 raro
580 2807 641 2854 not
666 2789 844 2870 instruant,
875 2809 942 2876 quo
1000 2783 1208 2851 celebranti·
1246 2787 1467 2853 saecularibus
1500 2786 1586 2853 ludia
1622 2788 1747 2873 duplex
1810 2789 1814 2796 ⁴

196 2887 270 2973 quie
299 2887 480 2974 imperator
517 2909 603 2957 anno
640 2889 832 2956 decennalia
867 2901 943 2958 rota
999 2888 1101 2953 luiaaa
1130 2887 1336 2954 obaccrunm
1364 2902 1509 2974 tempue,
1537 2898 1634 2975 atque
1661 2891 1747 2956 illuri

104 2997 109 3010 '
196 2989 384 3074 peregerit,
413 3006 521 3056 tamen
548 3011 615 3057 non
645 2993 804 3074 indicant,
833 3007 942 3060 utrum
998 3009 1229 3074 nonnunquam
1260 2989 1486 3074 anticipatum,
1525 2991 1605 3057 alibi
1638 2991 1747 3078 dispu-

195 3089 278 3155 ltaec
300 3089 384 3154 ferta
404 3103 555 3176 tempore
577 3093 747 3179 legitimo,
769 3119 810 3161 an
832 3096 941 3162 alieno
998 3095 1148 3156 torinna.
1193 3089 1292 3183 Quod
1314 3093 1342 3156 ai
1363 3092 1578 3188 imperatore·
1607 3096 1747 3181 permir-

195 3187 322 3256 iuerint
353 3189 456 3269 obita,
491 3195 582 3256 numi
618 3216 700 3262 vero
734 3217 811 3262 raro
847 3197 941 3264 nobie
984 3216 1070 3262 vaum
1099 3193 1162 3258 eibi
1191 3207 1370 3279 paterere,
1399 3195 1434 3260 in
1462 3193 1562 3262 rebue
1593 3187 1747 3281 gloriani·

195 3309 316 3355 ennom
337 3290 478 3368 (lictant,
500 3295 556 3378 qni
578 3308 687 3358 cortun
709 3297 770 3374 ait,
791 3297 941 3384 nullique
999 3297 1080 3373 mie,
1110 3307 1145 3359 et
1175 3295 1360 3360 nniversam
1390 3317 1495 3382 remp.
1525 3299 1746 3382 apectoutibua

195 3391 298 3458 dubio
328 3391 506 3471 obnoxiua,
535 3402 571 3456 ut
592 3413 635 3457 ex
657 3395 837 3461 obcaecatio
859 3399 942 3462 maia
997 3411 1148 3462 veterem
1178 3417 1305 3476 morem
1335 3397 1534 3482 infringere,
1571 3411 1691 3484 quanto
1720 3397 1747 3462 ii

195 3492 276 3560 licet
305 3493 517 3578 perepicerer
550 3493 705 3572 alteram,
736 3497 812 3580 quia
840 3497 942 3564 iidem
998 3498 1126 3562 boillon
1147 3509 1326 3579 potuerunt
1344 3499 1384 3563 eil
1406 3499 1608 3565 voluntatem
1632 3499 1747 3564 delini·

194 3594 259 3666 viri
277 3593 416 3672 eruditi,
446 3607 482 3660 ut
499 3616 595 3680 cupra
611 3596 721 3676 innui,
741 3611 871 3683 arrepto
891 3619 943 3664 ιο·
998 3617 1038 3663 re
1067 3609 1195 3682 tempu·
1222 3610 1391 3676 votorum,
1422 3619 1505 3686 quae
1534 3598 1577 3663 ad
1605 3621 1642 3664 ae
1661 3621 1749 3666 unoe

179 3697 263 3764 'mel
284 3719 342 3762 ana
363 3698 406 3762 (le
427 3697 467 3760 iie
488 3698 649 3764 contentia
681 3699 869 3766 libertatern
890 3701 945 3765 ab·
999 3698 1214 3784 pertinuere?
1246 3713 1281 3764 et
1309 3715 1428 3785 quanto
1450 3699 1537 3764 ietnd
1559 3700 1666 3764 minoe
1688 3701 1747 3766 mi·

194 3801 325 3886 jecere,
346 3812 499 3867 votorum
518 3813 663 3883 tempor,
685 3815 722 3866 ut
742 3821 861 3866 revera
883 3815 943 3880 eat,
999 3819 1073 3864 rum
1095 3798 1128 3861 in
1149 3799 1353 3886 principibus
1379 3801 1478 3868 animi
1497 3800 1611 3865 atolitli
1632 3814 1670 3894 et*
1687 3803 1747 3867 im·

194 3902 376 3980 incertum,
399 3902 638 3988 confusamque
659 3901 853 3987 profitendi,
884 3903 944 3970 eerl
999 3901 1161 3988 potentio,
1195 3915 1229 3966 et
1258 3923 1360 3968 unum
1388 3923 1483 3967 anum
1512 3902 1680 3968 arbitrium
1711 3903 1747 3968 in
1804 3951 1807 3958 -

195 4007 342 4072 maluere
370 4005 515 4090 ipaorurn
544 4017 831 4070 monumentorum
853 4019 944 4072 vete·
1000 4003 1173 4070 consilinm
1190 4003 1444 4070 adhibentibua?
1466 4006 1567 4070 Teate
1585 4005 1747 4074 Suetonio

195 4127 268 4175 rum
294 4106 441 4193 ingratiia
460 4093 741 4194 atabilirelegee,
771 4128 850 4194 quaa
867 4131 941 4176 auae
998 4106 1090 4172 Nero
1103 4119 1271 4172 certamen
1286 4107 1545 4194 quinquennale,
1567 4110 1659 4196 cujua
1673 4109 1748 4197 ipae

195 4229 336 4295 nuquam
363 4207 465 4274 iniere
488 4211 557 4294 ipae
583 4207 669 4274 baud
693 4195 792 4276 alubie
818 4211 942 4278 inlicie·
998 4204 1113 4275 euc'tor
1134 4209 1211 4288 fnit,
1242 4223 1276 4273 et
1296 4211 1387 4296 cujua
1408 4211 1480 4295 ipae
1501 4225 1648 4297 tempus,
1666 4231 1745 4300 'quo

193 4320 249 4373 tur
277 4311 459 4396 antiquitat.
502 4313 652 4397 Vtroque
675 4331 718 4378 ex
740 4313 847 4397 capite
866 4334 941 4380 cau·
998 4325 1172 4398 ageretur,
1193 4310 1396 4398 designarit,
1419 4326 1493 4378 aute
1515 4314 1744 4401 praeatitutum

193 4407 262 4474 tior
292 4429 356 4496 ego
384 4410 463 4478 nolo
492 4425 621 4480 tenure
649 4415 788 4495 redum,
810 4434 853 4481 ex
873 4435 940 4504 quo
997 4414 1086 4480 diem
1126 4415 1295 4485 revocarit
1316 4416 1357 4499 ⁸).
1404 4417 1610 4482 Domitiana·
1653 4413 1742 4478 nulla

192 4511 346 4596 reperire
374 4513 513 4577 exitum·
526 4513 663 4581 diliicsse
692 4531 762 4598 eat,
799 4529 833 4582 et
862 4519 939 4586 aetia
997 4519 1127 4605 eugub·
1148 4539 1245 4602 οιιιι
1264 4517 1361 4586 tuoe·
1381 4517 1566 4586 macularer
1581 4515 1741 4585 aexeanio
1826 4579 1833 4598 ,

194 4657 1732 4701 u———q-ffl--ffl

227 4726 260 4801 a)
277 4721 311 4787 in
328 4722 446 4840 llerotqe
464 4744 492 4790 c.
509 4738 554 4792 οι.
