4404 5564
433 607 436 613 .
521 547 570 627 m
1018 471 1487 610 1’ΔΒΠΕΝΒΑ

526 731 587 776 nes
601 698 889 770 hisSassnidarum
903 701 1009 766 numia
1021 697 1158 768 insertas
1167 702 1273 788 expli·
1330 702 1418 788 ginta
1447 699 1546 777 duos,
1585 719 1668 790 quos
1697 719 1844 765 museum
1873 702 2066 768 Caesareum

529 823 641 890 caret3
663 805 806 890 reliquas
828 823 942 868 eorum
965 827 1075 869 causas
1091 801 1272 890 medosque
1329 804 1484 872 continet.

533 914 608 978 iere
630 907 786 994 neglexit.
817 906 948 972 Adeas
970 906 1167 974 evolvendae
1194 928 1272 969 nans
1393 903 1491 1000 Quod
1520 901 1563 970 ad
1593 915 1687 989 typos
1717 903 1849 982 attinet,
1877 906 1934 972 vix
1965 904 2068 970 habeo

531 1027 582 1079 est
597 1008 861 1094 inscriptionibus
877 1005 961 1086 illis,
991 1031 1073 1094 quse
1091 1021 1219 1072 exstant
1238 1005 1273 1070 in
1331 1006 1420 1096 quod
1439 1005 1556 1072 addam
1576 1003 1618 1068 ad
1639 1025 1695 1084 ea,
1722 1026 1806 1092 quae
1827 1006 1891 1072 hoc
1911 1009 1992 1072 loce
2011 1007 2092 1090 jam,

529 1113 883 1188 Narrant-anonam,
919 1110 995 1174 leco
1017 1131 1131 1195 parum
1157 1109 1276 1172 dietam
1332 1109 1514 1194 generstim
1541 1107 1713 1194 praecepi,
1745 1108 1827 1185 etsi,
1856 1107 1912 1192 qni
1933 1121 2069 1172 trsewe
2157 1105 2158 1186 f

528 1231 564 1282 tc
583 1239 602 1278 a
624 1213 920 1292 Tekmei-minor,
957 1211 1014 1278 ubi
1040 1212 1205 1292 hodieque
1228 1211 1277 1272 in·
1332 1211 1417 1275 hanc
1436 1223 1564 1296 partem
1583 1209 1724 1273 curatius
1745 1209 1866 1287 vellet,
1890 1211 2003 1274 laxum
2023 1209 2074 1272 ba·

531 1332 585 1383 ter
607 1315 730 1398 amplas
759 1311 869 1376 ruinas
908 1315 1078 1380 columnae
1105 1314 1176 1378 XL.
1202 1332 1276 1376 eum
1332 1311 1430 1376 beret
1457 1311 1499 1376 ad
1529 1311 1733 1396 conjecturas
1762 1333 1911 1396 campum
1941 1324 2100 1396 proptor·

532 1415 746 1485 admiratione
766 1415 1020 1498 conspiciuntur,
1044 1434 1137 1497 quae,
1158 1426 1193 1474 ut
1207 1411 1278 1476 vul·
1334 1411 1489 1474 inlinitum
1508 1412 1697 1474 varietatem
1714 1412 1746 1472 in
1764 1414 1853 1476 cultu
1869 1413 2025 1497 capitem,
2043 1427 2070 1476 et

536 1543 578 1605 go
593 1516 758 1592 ereditur,
783 1516 878 1576 sucre
890 1537 966 1599 pars
982 1515 1103 1577 soteris
1117 1516 1280 1594 Persepo·
1334 1512 1537 1595 adjectorum
1554 1512 1706 1597 utrinque
1723 1512 1907 1595 signorum,
1925 1513 1987 1577 sed
2001 1535 2075 1598 quoe

533 1622 590 1696 lis,
615 1637 733 1700 regum
748 1617 923 1681 Persarum
940 1613 1044 1691 sedis,
1070 1635 1205 1698 quarum
1221 1633 1280 1676 ne·
1337 1613 1444 1678 omnia
1459 1613 1532 1678 solo
1550 1625 1682 1697 aspectu
1696 1627 1834 1696 possunt
1848 1614 1992 1700 percipi,
2011 1635 2076 1680 ver·

533 1722 586 1784 bis
606 1717 859 1802 descriptionem
888 1715 1013 1780 dedere
1037 1727 1087 1778 tot
1108 1713 1172 1780 viri
1193 1714 1282 1778 cele·
1335 1715 1387 1777 bis
1418 1713 1575 1799 explicari
1601 1733 1666 1776 nen
1692 1729 1838 1798 possunt.
1877 1718 2006 1780 Herum
2027 1717 2076 1780 six

532 1818 672 1886 berrimi
688 1814 851 1896 timemur,
874 1840 957 1906 ques
973 1816 1062 1881 idem
1084 1825 1157 1900 pag.
1171 1837 1198 1882 ι.
1212 1814 1280 1879 eol·
1336 1815 1458 1901 aliquid
1481 1814 1639 1878 delibavit
1659 1817 1795 1899 Sacyus..
1822 1819 1875 1880 De
1897 1817 1983 1880 binis
2004 1819 2074 1880 siris

534 1925 641 1988 lectos
657 1917 751 1980 sistit.
1336 1916 1641 1993 arae'adstantibus,
1659 1917 1859 1982 hauddubie
1876 1918 2074 1982 custodiendi

552 2063 570 2102 3
599 2025 673 2085 Hoc
699 2021 799 2105 igitur
818 2019 875 2082 ille
891 2019 986 2082 nixus
1001 2013 1213 2080 fundamento
1231 2013 1281 2076 in·
1337 2020 1422 2083 sacri
1434 2019 1517 2102 ignis
1534 2038 1638 2093 cansa,
1654 2017 1707 2096 ait,
1732 2020 1820 2101 (pag.
1832 2021 1919 2104 sqq.)
1936 2041 1994 2083 eos
2006 2039 2074 2104 pro·

537 2123 733 2208 scriptiones
756 2119 807 2182 his
828 2119 935 2183 numis
955 2121 1093 2183 insertas
1118 2118 1281 2199 interpre-
1336 2133 1451 2205 pterea
1476 2119 1560 2182 facie
1586 2117 1626 2180 ab
1647 2117 1725 2202 igne
1749 2141 1863 2185 aversa
1883 2122 2072 2204 plerumque

537 2226 602 2292 tari
619 2221 820 2308 aggreditur,
837 2235 870 2285 et
885 2221 932 2284 sie
946 2221 1061 2284 barum
1072 2241 1180 2297 unam,
1195 2236 1278 2302 qnae
1336 2220 1492 2306 proponi,
1513 2241 1555 2281 ne
1569 2218 1597 2282 is
1612 2218 1715 2281 halitu
1732 2220 1933 2304 profanetur.
1957 2229 2072 2290 Tamen

538 2341 644 2392 exstat
656 2325 689 2386 in
700 2345 810 2400 numo,
828 2343 924 2408 quem
942 2343 1014 2386 esse
1028 2320 1160 2406 Saporis
1176 2320 1282 2404 cujus-
1337 2321 1379 2385 de
1400 2321 1504 2405 capite
1520 2321 1662 2383 humano
1680 2320 1750 2405 igni
1768 2321 1938 2406 imposito,
1965 2340 2000 2392 et
2022 2347 2074 2390 cur
2158 2371 2159 2396 ,

537 2430 625 2513 piam
649 2427 815 2502 adfirmat,
844 2426 896 2488 his
917 2423 1029 2491 verbis
1051 2422 1178 2503 Gallice
1206 2419 1282 2484 red·
1338 2437 1409 2487 tunt
1435 2435 1573 2508 uterque
1600 2436 1708 2485 custos
1731 2420 1815 2486 sanie
1839 2423 1881 2488 sit
1905 2427 1947 2490 ad
1972 2428 2073 2512 ignem
2158 2415 2159 2430 ¹

535 2531 601 2594 dit:
629 2531 853 2602 L’adornteer
872 2528 1068 2603 d'Ormusd,
1090 2525 1285 2589 l'excsllsnt
1340 2545 1515 2602 conversa,
1537 2523 1659 2586 nullam
1679 2523 1760 2586 feeit
1781 2529 1991 2594 mentionem.
2017 2529 2076 2610 Ap·

537 2633 661 2716 Sapor,
696 2633 750 2692 roi
772 2633 829 2692 des
854 2630 923 2690 reis
945 2628 985 2688 ds
1013 2627 1139 2704 l’lron,
1173 2645 1285 2708 germe
1341 2641 1449 2713 paret,
1477 2645 1593 2688 numos
1616 2643 1691 2687 eum
1712 2625 1776 2690 hoc
1799 2639 1878 2710 typo
1896 2627 2074 2694 essevalde

539 2732 661 2796 adeste
684 2731 744 2812 (ou
771 2749 808 2789 ee
835 2732 894 2807 qut·
914 2739 966 2791 cst
989 2727 1025 2789 lo
1046 2733 1149 2789 meme
1171 2727 1283 2810 chose)
1341 2748 1452 2806 raros,
1469 2747 1541 2788 nam
1562 2745 1677 2790 eorum
1694 2727 1821 2788 nullum
1839 2729 1873 2790 in
1888 2731 2000 2795 aeneia
2015 2729 2074 2792 suis

538 2833 720 2896 delerare
736 2827 1192 2892 cdtrstsdesdteurrathoo
1211 2848 1285 2911 pac·
1340 2827 1459 2892 tabulis
1477 2828 1624 2911 protulit.
1645 2829 1772 2891 Eorum
1789 2829 1885 2893 binos
1904 2830 1995 2895 dedit
2011 2830 2077 2892 Pel·

540 2949 576 2996 to
603 2931 740 2994 aliorum
763 2926 859 3010 hujus
884 2927 995 2992 elassis
1016 2949 1195 2992 numerum*
1217 2927 1284 3011 epi·
1340 2931 1492 3008 lerinius‚
1518 2929 1622 2994 fassus
1641 2943 1765 3008 tamen,
1793 2931 1969 3016 singularis
1990 2933 2076 3016 hujus

540 3034 689 3120 graphan
720 3029 903 3113 explicare,
943 3040 977 3090 et
1002 3026 1160 3110 judicium
1189 3049 1283 3092 suum
1340 3033 1409 3118 typi
1431 3030 1616 3096 se‘causam
1639 3031 1804 3117 ignorare.
1830 3033 2076 3118 (Supplemlll.

543 3156 685 3223 operose
702 3131 880 3196 rationibus
901 3122 1047 3192 stabilire
1064 3129 1184 3212 pergit.
1208 3157 1217 3172 1
1340 3157 1373 3218 p.
1387 3133 1454 3215 37.)
1471 3132 1564 3207 =Cttrtt
1584 3134 1648 3196 hoc
1665 3147 1859 3218 argumento
1880 3135 1999 3202 decem
2018 3155 2078 3198 om·

606 3235 768 3321 Equidem
793 3231 909 3306 rideo,
933 3230 976 3294 cl.
991 3241 1158 3293 auctorem
1174 3229 1215 3294 ad
1235 3252 1285 3309 ea,
1343 3235 1421 3300 nino
1437 3234 1562 3298 suntin
1577 3255 1690 3298 museo
1705 3238 1878 3301 Caesareo.

543 3359 627 3426 quae
657 3335 849 3418 scripserat,
888 3353 962 3395 cum
991 3333 1117 3396 ratione
1145 3346 1285 3417 apteque

540 3437 777 3512 confirmanda,
802 3457 868 3497 non
888 3434 987 3498 modo
1010 3434 1210 3518 praeclaram
1228 3434 1288 3496 lin·

542 3561 680 3628 guarum
711 3537 917 3601 orientalium
951 3537 1193 3622 cognitionem,
1230 3535 1290 3600 sed

544 3643 694 3709 laborem
713 3660 842 3725 quoque
860 3637 1071 3715 indefessum,
1090 3639 1293 3722 patientiam·

510 3801 515 3811 .
548 3765 612 3832 que
640 3741 797 3808 attulisse.
826 3739 952 3805 Verum
976 3761 1043 3804 non
1068 3761 1131 3822 ogo
1159 3741 1186 3802 is
1203 3762 1291 3817 snm,

456 3881 469 3902 ι
549 3847 606 3932 qui
637 3844 707 3929 ejus
732 3841 848 3906 dietata
880 3841 935 3905 vel
957 3842 1148 3926 impugnare
1171 3843 1291 3919 ausim,

547 3947 603 4012 vel
632 3943 831 4028 adprobare,
855 3963 949 4028 quam
969 3943 1137 4027 suscipere
1163 3941 1294 4028 provin·

549 4049 632 4112 eiam
650 4067 714 4109 non
733 4058 857 4129 potest,
876 4044 939 4106 nisi
956 4043 1013 4126 qni
1027 4045 1194 4126 pertinace
1212 4045 1294 4108 mul·

549 4163 658 4213 torum
683 4167 841 4210 annorum
873 4145 979 4208 studio
1005 4145 1044 4210 ad
1066 4145 1294 4231 cognoscenda

548 4253 681 4336 linguae
717 4247 871 4310 Persicae
903 4247 1038 4335 ejusque
1069 4249 1293 4312 characterum

549 4353 702 4441 mysteria
724 4348 886 4425 incubuit,
913 4349 1028 4436 quain
1051 4347 1220 4433 disciplina
1240 4371 1292 4414 me

544 4459 647 4544 ⁴plane
666 4473 738 4518 esse
761 4449 875 4514 rudem
893 4471 929 4514 ac
950 4451 1122 4535 hospitem,
1140 4450 1294 4516 lubenter

549 4557 722 4644 proliteor.
766 4553 872 4618 levati
906 4553 970 4619 viri
1007 4552 1126 4616 eruditi
1160 4567 1293 4618 conatus

549 4660 687 4724 multum
710 4655 905 4742 potuissent,
934 4652 962 4716 si
980 4653 1136 4718 adbibere
1155 4653 1194 4717 nd
1213 4655 1296 4740 judi·

552 4761 637 4824 cium
663 4757 823 4846 potuisset
845 4777 962 4820 numos
989 4755 1084 4840 hujus
1109 4757 1219 4822 classis
1239 4757 1296 4821 tri-

1410 3339 1472 3400 Est
1489 3336 1523 3398 in
1545 3336 1663 3402 eodem
1680 3359 1796 3402 numus
1816 3339 2030 3424 perelegans,
2049 3336 2079 3399 in
2159 3319 2160 3412 l

1347 3439 1438 3524 cujus
1453 3437 1589 3502 adversa
1605 3453 1655 3502 est
1673 3453 1823 3526 protome
1841 3438 1989 3521 adversa,
2003 3441 2080 3506 facie

1349 3541 1446 3604 senili
1461 3554 1495 3604 et
1511 3541 1657 3619 barbata,
1681 3541 1716 3606 in
1734 3561 1849 3608 aversa
1865 3549 2016 3626 prototne
2034 3539 2082 3605 ad-

1348 3662 1461 3716 versa,
1486 3641 1570 3706 faeie
1589 3642 1725 3726 juvenili
1743 3656 1776 3708 ct
1792 3642 1949 3722 imberbi,
1974 3645 2033 3709 sed
2047 3662 2084 3706 ex

1349 3743 1472 3826 eapite,
1491 3757 1545 3807 ant
1561 3765 1647 3828 ponc
1664 3758 1760 3830 eaput
1776 3743 1925 3810 flammae
1942 3745 1976 3810 in
1991 3747 2084 3810 altum

1351 3845 1501 3908 emicant.
1524 3847 1596 3908 Non
1613 3845 1735 3925 dubito,
1753 3859 1893 3930 utroque
1906 3847 1970 3911 boc
1986 3847 2084 3932 eapite

1351 3945 1492 4030 proponi
1521 3963 1647 4030 patrem
1678 3963 1712 4013 et
1740 3945 1859 4024 lilium,
1892 3969 2031 4036 eumque
2057 3949 2087 4008 io

1350 4047 1443 4110 nullo
1463 4047 1568 4114 adhue
1588 4049 1813 4115 Sasanidsrum
1831 4071 1931 4116 numo
1949 4052 1983 4116 in
2001 4065 2087 4138 parte

1350 4169 1464 4214 aversa
1481 4151 1723 4216 observaverim
1738 4152 1837 4217 alium
1852 4165 1980 4237 typum,
1999 4173 2088 4240 quam

1351 4269 1426 4315 arae
1453 4251 1590 4334 ignitae,
1626 4252 1745 4332 eredo,
1782 4253 1971 4319 adstitutum
2007 4275 2087 4342 pone

1350 4351 1477 4436 ignem,
1492 4373 1535 4416 ne
1553 4374 1645 4418 sacra
1659 4355 1740 4420 haec
1755 4357 1925 4442 religionis
1939 4359 2086 4422 Persicae

1351 4453 1459 4538 imago
1472 4475 1513 4519 ex
1527 4477 1625 4518 numo
1640 4457 1737 4541 plane
1752 4460 1919 4522 exturbata
1932 4460 2087 4525 videatur.

1414 4555 1552 4620 Nonnisi
1570 4557 1685 4622 unicus
1707 4557 1801 4644 hujus
1824 4561 1956 4646 generis
1976 4583 2088 4624 numus

1353 4679 1394 4724 ex
1413 4679 1492 4722 suro
1511 4679 1614 4742 usque
1631 4661 1730 4724 mode
1744 4675 1794 4725 eat
1808 4664 1975 4746 cognitus,
1996 4681 2088 4751 atque

1352 4761 1380 4826 is
1395 4779 1436 4824 ex
1450 4780 1563 4825 museo
1577 4761 1759 4830 Pellerinii.
1775 4763 1851 4847 (le.
1863 4767 1943 4830 Tab.
1954 4769 1994 4832 Il.
2010 4792 2040 4838 n.
2051 4787 2088 4868 q)
