4476 5564
479 433 554 507 ω
1111 405 1309 482 CAPVT
1343 403 1391 478 Χ.
1443 449 1446 454 Δ

479 614 555 665 aunt
576 597 666 659 numi
687 587 737 658 'aie
763 589 928 678 inscripti,
952 601 985 652 et
1007 587 1038 650 in
1063 589 1135 652 anto
1158 595 1226 652 dan-
1283 589 1333 650 bia
1356 585 1430 649 trib.
1452 585 1604 669 potestati
1625 585 1675 650 aui
1697 585 1859 654 adduntur
1884 599 2024 660 numeri.

462 699 541 774 'aec
559 703 738 771 Caesareo,
760 716 824 757 nnn
847 693 1064 754 adnumeratis
1090 688 1236 772 duplici-v
1282 687 1496 753 Mazzoienua
1527 687 1567 750 ad
1601 709 1731 754 causam
1766 714 1855 768 auam
1889 695 2027 762 advocat

476 803 556 879 bue,
579 789 699 864 norem
725 795 795 880 ejua
819 794 967 879 generis,
989 793 1087 856 varii·
1110 811 1224 854 omnea
1280 809 1397 852 nnmoa
1425 791 1617 874 inacriptoaa
1658 791 1726 854 ΤΒ,
1757 796 1795 857 Ρ.
1826 795 1898 863 Vll.
1929 797 2026 860 COS.

478 907 584 992 typis,
607 902 838 974 adaerrantur,
860 909 894 958 et
920 894 1021 956 multo
1048 892 1151 972 major
1175 905 1225 956 eat
1280 894 1353 958 1111.
1372 891 1469 953 ΒΕΘ.
1490 891 1546 967 V.,
1571 891 1688 975 quibua
1709 892 1924 973 doceremur,
1945 903 2026 963 'Pra-

477 1025 636 1090 nnmcrua
653 1021 756 1086 panea
774 996 1032 1064 Mediobarbum.
1060 995 1113 1058 Ait
1131 994 1224 1059 inde:
1281 993 1408 1077 janum,
1437 1006 1579 1056 exeunte
1602 992 1740 1058 Octobri
1762 999 1803 1065 V.
1827 1001 1864 1061 C.
1885 1001 1947 1066 850
1969 1003 2026 1064 tri.

409 1109 419 1118 ”
475 1089 572 1189 norae
601 1106 742 1184 inteliiyi
769 1105 967 1164 consulatum
991 1103 1049 1164 IV.
1074 1117 1139 1160 non
1164 1100 1226 1158 im'·
1282 1097 1401 1160 bunatu
1431 1099 1582 1180 aNerva
1608 1095 1781 1176 donatum,
1812 1119 1887 1162 eum
1916 1104 2027 1185 proxi.

480 1222 562 1284 taam,
595 1211 654 1270 aad
676 1209 890 1286 designatam,
927 1213 1041 1263 vetere
1071 1197 1226 1261 nimirum
1283 1199 1717 1274 modieX..Dcc.iteraaae,
1739 1200 2024 1288 qnoailiennmoa

482 1309 630 1372 iniirmac
650 1325 765 1370 causae
782 1302 954 1384 praesidio.
998 1299 1098 1394 Quod
1119 1297 1159 1362 ad
1182 1298 1227 1362 ci·
1281 1313 1372 1365 tanto
1394 1301 1491 1384 jactat
1514 1299 1748 1378 confidentiae,
1771 1303 1859 1388 quod
1879 1320 2026 1387 praeter·

479 1425 543 1474 tata
565 1417 774 1472 monumenta
794 1405 923 1495 attinet,
948 1401 1022 1464 aatia
1044 1415 1134 1476 ecto,
1156 1421 1224 1462 otn-
1281 1423 1320 1466 aa
1340 1422 1416 1465 cum
1437 1401 1528 1465 santia
1550 1403 1718 1486 praeclare
1741 1405 1940 1489 oonapirant.
1961 1407 2026 1474 Ve-

388 1527 395 1540 ·
478 1533 539 1576 nea
563 1510 624 1571 hoa
648 1527 763 1570 numoa
787 1525 861 1568 esee
887 1503 1095 1579 Goltaianoa,
1126 1513 1222 1586 atque
1280 1487 1354 1568 riam
1377 1525 1442 1588 qno
1463 1518 1558 1590 pacto
1581 1507 1615 1565 bi
1637 1505 1700 1568 aint
1722 1507 1812 1568 numi
1830 1507 2025 1590 explicandi,

479 1615 539 1675 boa
561 1613 624 1692 jam
646 1611 688 1670 ita
710 1620 879 1689 anspertus
899 1608 986 1668 viana
1007 1604 1222 1668 Mediobarbo
1280 1605 1408 1670 abunda
1431 1605 1591 1694 disputavi
1618 1606 1650 1667 in
1678 1622 1809 1671 moneta
1830 1609 1962 1690 Trajaui
1984 1609 2025 1679 ad

480 1729 590 1778 cetera
613 1711 918 1784 minimemnroao,
941 1722 1038 1770 utne
1062 1707 1223 1793 reeipien·
1281 1731 1398 1774 annum
1429 1708 1538 1790 DC.
1566 1707 1641 1772 856.
1684 1707 1793 1773 Lubet
1821 1711 1928 1774 rodum
1957 1733 2026 1774 mo·

409 1808 412 1812 ’
476 1817 539 1878 dos
559 1814 692 1898 quidem
712 1812 746 1872 in
766 1831 859 1874 auum
881 1808 1063 1889 catalogum
1083 1820 1223 1891 putaret,
1280 1830 1378 1887 nere,
1408 1809 1639 1874 Manzoienam
1662 1810 1823 1874 hocloco
1851 1814 2023 1906 praeferre¹

477 1917 661 1999 falsumque
683 1913 784 1975 nimio
808 1925 875 1984 eat,
906 1909 993 1994 qnod
1019 1911 1224 1998 adoerit‘Pa·
1279 1913 1386 1974 numia
1408 1913 1525 1983 iaatoa,
1554 1911 1642 1995 qnod
1665 1907 2022 1996 biypraeaenti'canttc

360 2031 363 2042 '
399 2035 402 2042 ’
450 2003 550 2104 'gius
567 2021 613 2100 ¹),
644 2017 833 2080 incimela'r'a
846 2014 1027 2094 princepum
1048 2016 1223 2092 complanes
1279 2006 1392 2078 favere
1413 2014 1581 2078 ridentur.
1622 2015 1694 2077 Non
1718 2017 1928 2100 meminere),
1951 2035 2024 2082 acte

477 2122 906 2191 numoaLatinoaeurtarc,
929 2117 1098 2197 inquibat
1114 2119 1223 2176 Nerva
1278 2116 1358 2180 aiibi
1380 2117 1578 2180 contrarium
1601 2116 1766 2193 aanxiaae,
1797 2123 1832 2180 ἐκ
1848 2121 1950 2200 santia
1966 2141 2024 2200 po·

477 2227 597 2286 dicitnr
613 2219 684 2282 ΤΗ.
699 2216 804 2279 P.1t1.
823 2215 919 2278 COS.
932 2216 1002 2278 llll.
1022 2215 1108 2276 Mate
1124 2215 1222 2277 otiam
1279 2223 1344 2282 nita
1363 2223 1603 2295 cumulatiora,
1626 2219 1687 2296 ait,
1709 2224 1820 2284 timere
1840 2233 1948 2285 errato
1964 2242 2024 2301 po·

477 2322 549 2404 ejua
567 2341 662 2402 cauta
683 2317 798 2380 nititur
819 2316 903 2378 binia
926 2315 1158 2390 marmoribua,
1188 2317 1222 2376 in
1278 2323 1428 2394 terimur,
1450 2324 1566 2402 qnippe
1586 2342 1669 2403 quac
1684 2305 1875 2402 manifecte,
1898 2342 1956 2384 nec
1975 2325 2024 2384 ἰη-

475 2425 593 2510 quibua
619 2421 672 2484 vel
696 2418 879 2504 acaipendia
900 2417 1144 2500 quadratariua,
1166 2416 1221 2478 vel
1272 2424 1460 2504 frequentia
1489 2425 1525 2482 ἐπ
1552 2424 1596 2483 iia
1619 2433 1777 2502 prostant.
1820 2425 2022 2493 Marmorutn

475 2521 701 2590 exacribondia
755 2521 862 2582 lector
912 2520 1019 2604 potuit
1069 2535 1221 2600 peccare.
1278 2521 1463 2587 teni-outa
1488 2521 1559 2604 eiua
1583 2536 1657 2584 anno
1677 2523 1795 2599 idalia,
1818 2538 1854 2586 ut
1874 2523 1937 2586 alia
1957 2544 2020 2607 pan

477 2627 657 2688 Enimvero
680 2623 707 2682 ai
723 2623 853 2684 Nervae
874 2621 1010 2682 omnino
1030 2617 1223 2681 tribuendus
1278 2641 1372 2684 ruore
1401 2622 1474 2706 ejua
1501 2622 1683 2686 doctrinam
1715 2624 1844 2708 jurent,
1868 2624 1929 2688 alia
1951 2626 2022 2710 ipro

477 2741 528 2790 eat
553 2724 732 2788 tribunatuo
760 2723 835 2798 tlt,
866 2721 1019 2805 quoniam
1041 2719 1117 2782 bina
1138 2740 1222 2782 mar·
1277 2725 1402 2788 fatente
1422 2725 1625 2802 interimant,
1649 2710 1783 2792 ut'adeo
1801 2747 1932 2792 rursum
1950 2725 2021 2811 ipae

473 2847 568 2892 mora
586 2846 659 2888 eum
677 2823 812 2906 jactant,
835 2823 917 2884 nihil
933 2811 1056 2897 obatit,
1077 2841 1144 2905 quo
1163 2821 1221 2882 mi·
1276 2839 1454 2908 cogeretur
1476 2827 1515 2886 ad
1533 2825 1655 2910 duplex
1672 2829 1865 2893 numerandi
1884 2829 2024 2892 tribuna·

476 2950 537 2990 uua
562 2929 593 2990 ei
618 2925 796 2988 tribuamus
822 2944 951 3010 qnoque
975 2924 1035 3001 X.,
1065 2923 1139 3006 quia
1163 2943 1220 2986 eo·
1277 2941 1329 2989 tua
1350 2926 1562 3010 principium,
1592 2942 1647 3013 aut
1669 2931 1709 2993 ad
1731 2932 1917 2994 consulatur
1939 2933 2023 2996 deri·

476 3029 552 3090 dem
573 3028 648 3091 ioco
670 3027 754 3112 apud
776 3027 991 3090 Muratoriurn
1014 3024 1082 3085 bini
1101 3045 1234 3108 propo.
1278 3045 1393 3111 gnatos
1423 3043 1562 3106 tanturn,
1600 3050 1667 3093 non
1698 3031 1796 3100 initoa
1827 3035 2019 3117 confugere.

473 3147 596 3194 nuntur
623 3129 766 3212 lapidea,
789 3129 821 3188 5¹¹
849 3128 967 3212 quibus
991 3128 1120 3200 Nerine
1144 3124 1220 3190 trib.
1279 3133 1433 3196 Ceterum
1462 3151 1544 3214 quac
1573 3130 1611 3192 ad
1639 3135 1784 3198 rationes
1813 3136 2022 3219 chronologi·

475 3244 619 3315 potestur
642 3231 682 3294 tt.
703 3228 890 3311 adtingitur.
936 3227 1003 3290 Sed
1029 3241 1062 3291 ct
1083 3230 1219 3290 atteram
1279 3254 1332 3300 aaa
1354 3231 1484 3314 imperii
1507 3234 1637 3312 Traiani
1663 3235 1838 3298 admodum
1863 3237 2022 3321 implexae

474 3333 669 3410 certantium
691 3345 844 3396 evertunt
862 3329 970 3404 numi,
999 3350 1082 3414 quae
1100 3328 1222 3394 Kalen·
1277 3334 1460 3420 pertinent,
1484 3355 1624 3418 operoaa
1647 3355 1709 3424 per
1732 3338 1836 3401 variar
1860 3341 1931 3421 ejua
1954 3362 2021 3404 mo·

474 3437 631 3500 dia.1un.
669 3433 876 3520 iterationem
913 3430 1095 3495 tribunatuo
1130 3431 1221 3498 volet
1277 3449 1373 3501 netaa
1405 3437 1560 3501 atationea
1588 3438 1748 3520 expedire
1777 3457 1912 3520 conatur
1939 3465 2019 3519 aum,

473 3537 643 3620 adfiger03
678 3556 752 3598 nam
789 3535 919 3598 labente
951 3534 1070 3598 eodem
1104 3553 1221 3596 oonau·
1278 3557 1361 3624 quae
1383 3560 1461 3604 rane
1483 3537 1961 3620 difficultateaevaneacerent,
1982 3547 2022 3618 ai,

474 3641 541 3704 latu
562 3641 601 3732 tl.
628 3638 751 3722 legitur
778 3639 853 3701 TR:
872 3639 928 3714 tt,
965 3649 1000 3699 et
1022 3637 1092 3698 tlt.
1117 3635 1153 3700 P.
1179 3639 1219 3700 11.
1276 3641 1364 3726 quod
1388 3655 1422 3706 et
1442 3641 1474 3704 in
1497 3661 1689 3708 auceeaaore
1712 3643 1880 3708 Hadriano
1907 3647 2021 3728 negle-

473 3742 586 3838 Quare
616 3755 744 3804 certum
777 3755 845 3814 eat,
888 3741 1030 3805 Nervam
1060 3738 1219 3820 majorum
1276 3755 1382 3820 otum,
1408 3745 1589 3808 tribunatuo
1613 3748 1742 3810 numeri
1766 3747 1948 3812 adcuratiua
1971 3745 2021 3808 fu·

471 3843 628 3926 exemplo
653 3842 728 3906 trib.
751 3857 946 3926 potestatem
971 3841 1069 3908 natali
1089 3839 1220 3928 imperii
1275 3845 1378 3910 iacent
1399 3845 1528 3929 adjecti.
1562 3849 1698 3914 Eaatant
1720 3848 1808 3912 numi
1831 3849 2026 3929 complurea·

469 3965 658 4012 renovatae.
1274 3947 1492 4034 Antiocheni,
1541 3951 1597 4034 qui
1638 3950 1776 4034 Trojano
1819 3948 2017 4014 tribunatum

494 4059 498 4064 ·
714 4059 717 4068 ⁴
851 4120 856 4132 ι
1250 4047 1358 4138 m·
1382 4050 1485 4132 palam
1509 4049 1678 4127 adserunt,
1707 4065 1797 4114 utet
1819 4071 1963 4114 marmor
1986 4053 2018 4113 in

696 4149 991 4214 TRAIANVS.
1273 4151 1428 4233 Hiapania
1457 4153 1749 4236 repertum,.cuna
1776 4168 1884 4218 tamen
1910 4154 2020 4218 hacte-
2110 4186 2114 4198 .

1272 4271 1333 4312 nur
1362 4251 1404 4314 da
1434 4253 1506 4316 XX.
1545 4269 1668 4319 tantum
1699 4257 1770 4340 ejut
1801 4257 2016 4322 tribunatibna

535 4345 668 4432 Traiani
699 4347 789 4408 numi
818 4347 859 4411 ad
888 4369 1112 4433 quamcunque
1144 4368 1217 4413 aen·
1273 4366 1416 4430 conatet,
1441 4375 1523 4440 quae
1547 4359 1679 4439 quidem
1700 4359 1809 4426 omnia
1828 4357 1904 4426 vide
1925 4379 2021 4422 enar·

468 4451 605 4516 tentiam
626 4471 740 4538 parum
763 4449 956 4526 conferunt,
989 4452 1062 4536 quia
1082 4471 1158 4516 raro
1180 4453 1216 4515 in
1272 4469 1341 4520 rata
1371 4456 1405 4517 in
1433 4457 1536 4522 titulis
1560 4460 1701 4544 'ft-ajoni.
1745 4467 1796 4526 Ex
1826 4481 1891 4546 quo
1918 4475 2017 4550 patet,

475 4583 595 4620 *ι

502 4667 537 4736 a)
557 4665 631 4722 Crit.
651 4665 717 4724 Bar.
739 4663 778 4722 ad
795 4683 860 4722 ann.
883 4661 954 4725 chr.
977 4675 1037 4730 103.
