4462 5552
476 355 549 425 tto
635 337 847 414 IOANNES
873 336 917 464 V.
951 333 1188 410 PALAEOL.
1250 331 1461 410 IOANNES
1488 335 1549 410 Vl.
1588 336 1857 414 CANTACVZ.
1905 407 1907 414 .

476 523 512 586 in
533 522 733 586 consortium
757 523 940 603 adoptatas,
963 518 1218 582 subinde-enom
1278 514 1457 583 sabaudiae
1489 520 1617 584 eomitis
1640 519 1731 606 iilis,
1761 521 1803 588 e‘x
1833 543 1895 608 qut
1924 537 2022 594 natos

478 624 542 686 sibi
568 623 750 685 beneficum
774 623 857 685 solio
887 605 998 706 dejicit
1018 640 1102 684 anno
1129 621 1218 684 stro.
1274 623 1414 684 Ioannes
1438 625 1495 699 V..
1519 641 1700 687 successor.

476 726 617 792 Moritur
639 743 723 787 snno
745 725 835 798 1341.
902 783 904 790 ,
1558 768 1578 806 ff
1640 724 1660 762 *
1722 770 1742 808 ,k

1338 823 1480 897 Nomos.
1503 823 1530 887 si
1549 845 1629 906 quos
1645 825 1760 903 habat,
1783 825 1887 911 selige
1905 843 1945 892 ex
1960 827 2018 890 du·

407 951 414 958 ·
539 927 633 997 onr
666 933 808 1007 Ioanna,
844 926 900 1000 rel
933 936 1031 992 Anno
1061 923 1219 990 Amedaoi
1274 923 1335 988 biis
1358 923 1540 989 Andronici
1554 929 1594 990 11.
1616 928 1732 990 onmis.

912 1239 1164 1304 IOANNES
1198 1242 1236 1304 V.
1277 1238 1583 1320 Palaeoloqns.
1619 1289 1628 1302 .

540 1434 720 1501 Andronici
737 1435 790 1498 111.
813 1433 918 1507 iilius.
944 1434 1003 1496 iilo
1025 1454 1110 1497 snno
1136 1433 1222 1509 1341·
1334 1435 1427 1500 onr
1455 1437 1579 1498 Helena
1612 1439 1851 1514 Contocuzeno,
1872 1458 1923 1504 ,ex
1952 1460 2015 1523 qos

475 1553 606 1600 ntortuo
638 1539 794 1600 novennis
817 1540 876 1600 sub
898 1537 1008 1598 matris
1031 1549 1065 1597 et
1087 1537 1214 1597 loannis
1272 1532 1339 1595 noti
1361 1538 1562 1598 Andronicus
1575 1540 1632 1600 W.
1656 1541 1886 1620 Patmotoqm,
1908 1540 1942 1602 in
1961 1563 2018 1624 pe·

473 1640 690 1702 Cantsenzeni
708 1641 808 1702 tutela
827 1641 999 1720 imperium
1020 1637 1212 1720 suspicatur.
1258 1648 1355 1696 -trern
1377 1636 1517 1716 primunt
1535 1635 1686 1714 rebellis,
1709 1637 1848 1701 subinde
1866 1643 2012 1724 privatos

472 1741 575 1803 Multa
597 1741 731 1804 adversa
756 1755 901 1803 atutore
926 1743 1064 1813 Ioanne,
1095 1737 1213 1798 deinde
1241 1755 1244 1761 ·
1271 1749 1345 1799 ente
1375 1749 1502 1820 patrem
1528 1738 1687 1828 moritur.
1723 1753 1756 1800 et
1793 1747 1927 1808 Monoel
1950 1747 2014 1820 11..

472 1839 542 1904 iiiio
566 1841 755 1906 Andronico
782 1862 910 1924 pessus,
933 1839 1074 1922 denique
1097 1838 1214 1901 Tarnis
1272 1837 1328 1920 qui
1349 1850 1423 1922 post
1443 1837 1543 1919 patris
1566 1851 1705 1902 mortem
1727 1841 1909 1925 imperarit.

461 1943 632 2006 ‚obnoxius
656 1957 730 2027 post
748 1945 787 2007 1..
805 1963 962 2004 annorum
979 1940 1216 2025 imperiumvi·
1554 1983 1574 2022 0
1635 1938 1655 1976 *
1719 1986 1739 2025 3

471 2063 552 2108 tere
575 2043 671 2109 desiit
686 2044 775 2110 'anno
801 2047 889 2125 tior.
1335 2040 1463 2104 Desunt
1483 2037 1578 2122 hujus
1601 2039 1808 2124 imperatoris
1830 2047 1930 2111 nomi.

889 2354 1144 2421 IOANNES
1177 2355 1232 2416 71.
1277 2355 1594 2418 conlactaneum.

533 2553 740 2620 Andronicus
762 2555 818 2616 111.
852 2525 1028 2616 morituros
1057 2554 1211 2615 Ioannem
1269 2547 1423 2613 obtineat.
1466 2549 1552 2612 Eum
1580 2507 1687 2634 noper
1708 2551 1932 2638 ediditshbss
1956 2560 2014 2624 So·

470 2659 735 2724 cantoennennm
782 2659 936 2735 Magnum
983 2651 1227 2724 numentinum,
1269 2649 1382 2713 stinios
1413 2671 1454 2714 ex
1482 2671 1597 2714 moseo
1618 2652 1869 2740 Ainsliesw),
1899 2671 1934 2723 et
1957 2657 2013 2726 de·

468 2758 538 2822 filio
574 2757 737 2839 impuberi
767 2755 880 2818 Ioanni
911 2773 973 2816 ona
1003 2774 1077 2816 enm
1108 2767 1211 2817 matre
1268 2752 1423 2817 lineatum
1446 2753 1538 2817 dedit
1560 2752 1668 2820 tabula
1690 2755 1733 2824 V.
1755 2778 1786 2820 n.
1812 2759 1861 2827 ro.

468 2860 562 2922 Aona
581 2873 721 2920 tutorem
742 2856 884 2940 reliquit.
928 2857 991 2918 Hic
1014 2875 1087 2920 eom
1110 2853 1210 2916 tiliam
1353 2871 1355 2878 ·
1411 2854 1453 2919 0.
1483 2851 1757 2921 ΔΗΜΗΤΡΙΟΟ.
1802 2863 1948 2926 Protome
1975 2867 2012 2926 S.

468 2961 629 3024 Helenam
653 2961 792 3043 junge-re
815 2976 888 3018 eom
912 2956 1038 3040 pupillo
1063 2968 1209 3037 cuperet,
1408 2959 1561 3019 Demetrii
1580 2961 1725 3022 nimbata
1743 2966 1774 3022 d.
1792 2967 1927 3026 tactam.

467 3062 554 3126 istud
576 3076 682 3124 tamen
702 3078 763 3143 per
776 3060 901 3122 Annam
919 3078 983 3120 non
1002 3055 1137 3132 liceret,
1160 3076 1225 3122 arr
1267 3051 1336 3118 tto.
1353 3052 1565 3120 centone.
1584 3061 1672 3123 ΚΑΙ.
1690 3057 1853 3127 Meroe.
1871 3061 2013 3128 ΔΟΜΕ·

467 3186 520 3228 ma
544 3163 694 3246 respicit,
727 3173 761 3224 st
788 3157 1090 3238 Constantinopolin
1115 3169 1210 3219 occo·
1267 3156 1445 3222 CTIKOC.
1465 3163 1617 3240 scriptum
1633 3163 1772 3233 inorsa.
1796 3163 1847 3230 Pl.
1868 3187 1911 3228 m.
1926 3186 1971 3230 m.

467 3279 523 3350 pat
541 3286 624 3328 anno
644 3263 738 3344 1347.
761 3283 837 3324 mox
853 3257 983 3343 imperii
999 3279 1073 3322 oom
1088 3262 1208 3320 losnoe
1330 3262 1485 3323 loannem
1497 3276 1654 3338 ,nostrum
1667 3264 1775 3346 primo
1791 3265 1892 3329 fuisso
1909 3269 2012 3331 nomi·

380 3375 385 3383 '
467 3368 511 3432 V.
529 3366 728 3448 Palaeologo
754 3379 888 3428 consors
912 3359 1012 3422 tiliam
1038 3358 1086 3422 illi
1110 3362 1209 3424 Hele·
1267 3372 1375 3422 natum
1410 3383 1561 3444 magnum
1595 3365 1837 3444 Domestionm,
1879 3381 1913 3431 st
1946 3369 2012 3432 hoo

464 3493 540 3538 nam
559 3467 749 3552 despondet.
784 3463 868 3528 Orto
886 3462 1004 3526 iterum
1019 3461 1210 3526 bello'l'ur·
1267 3463 1410 3526 nondum
1447 3463 1573 3526 honore
1608 3480 1799 3530 contentum
1832 3469 2011 3557 arripuisse

379 3589 387 3608 ⁸
424 3578 516 3654 ‚eis
538 3572 649 3635 loanni
676 3567 874 3648 Palaeologo
902 3584 998 3648 opem
1028 3563 1209 3626 ferentibus
1266 3564 1455 3650 imperium,
1478 3565 1632 3629 continno
1647 3567 1806 3646 diximus,
1827 3582 1861 3632 et
1877 3571 2010 3654 copiose

435 3695 592 3764 *ponere
610 3671 783 3758 imperium
805 3680 933 3730 coactos
955 3665 1211 3730 monaehihabi·
1265 3667 1705 3752 narraturanumngtob),
1728 3692 1821 3755 quam
1839 3685 2010 3757 utramque
2052 3737 2056 3748 ,

468 3798 536 3847 tom
569 3777 673 3841 induit
703 3791 787 3836 anno
819 3769 909 3833 1355.
954 3767 1093 3851 Scripsit
1122 3787 1211 3833 eom·
1268 3765 1455 3851 dignitatem
1474 3789 1560 3833 nuno
1578 3772 1611 3829 in
1628 3773 1799 3854 praeclaro
1816 3772 1879 3837 hoo
1898 3793 2010 3838 mono·

468 3880 644 3948 mentatios
667 3875 709 3938 tio
730 3875 795 3941 vita
817 3893 884 3936 sua.
923 3891 926 3900 ·
1266 3883 1377 3932 mento
1405 3870 1609 3952 conjunctam
1639 3871 1815 3960 intuemur.
1857 3875 1935 3938 Fuit
1955 3896 2012 3939 ao·

1265 3983 1331 4034 tent
1351 3973 1487 4054 Magnos
1504 3973 1712 4038 Domesticos
1731 3976 1821 4060 spud'
1833 3977 2009 4059 Byzantios

752 4048 926 4106 Num*
1264 4073 1309 4150 is,
1338 4073 1396 4156 qui
1415 4072 1517 4156 copiis
1539 4075 1751 4140 terrestribus
1778 4093 1944 4162 praeerat,
1975 4092 2011 4144 ot

413 4181 415 4188 ’
530 4178 709 4247 Plombenn
731 4174 880 4260 quidem,
901 4184 935 4236 et
952 4173 1037 4236 hand
1054 4171 1210 4236 dubiosi·
1265 4171 1434 4236 maritimis
1464 4177 1601 4257 Magnos
1632 4175 1725 4254 Dos,
1763 4175 1805 4243 de
1836 4201 1902 4268 quo
1933 4181 2009 4250 vido

469 4287 540 4376 gilli
561 4283 650 4359 ties,
672 4277 790 4363 dignus
809 4289 934 4350 tamen,
957 4273 1208 4355 quihioloonm
1264 4277 1384 4340 iterum
1406 4274 1668 4362 nucangtunc).
1704 4299 1712 4314 =

504 4597 535 4660 a)
554 4589 669 4646 Lettere
686 4585 770 4642 Toto.
789 4579 826 4642 ll.
845 4598 913 4656 pag.
932 4589 965 4640 21
987 4588 1015 4634 et
1037 4587 1095 4642 tos·
1169 4579 1202 4646 b)
1221 4577 1325 4641 Fontil.
1343 4581 1461 4660 Byzsot.
1483 4603 1549 4662 pag.
1566 4589 1633 4650 260·
1706 4592 1736 4662 c)
1750 4543 1855 4653 'Glosr
1876 4593 1926 4652 ins,
1946 4593 2007 4652 ιρι,
