4440 5550
611 445 935 526 SYLVANVS.
987 447 1276 530 tvmtttvs
1303 453 1350 530 tt.
1414 509 1419 522 .

822 749 1130 814 Sturam.

258 951 448 1034 Imperuute
471 946 660 1014 constantio
684 941 781 1008 rarii·
803 943 946 1008 muneri·
1067 959 1071 966 ·
1351 947 1391 986 -*

196 1053 259 1116 bue
287 1071 362 1114 eum
389 1048 486 1114 laude
512 1047 719 1134 perfunctae,
740 1065 778 1110 ae
803 1043 944 1130 denique
1066 1048 1112 1110 D
1127 1047 1166 1111 N.
1184 1048 1253 1114 Ft..
1272 1043 1520 1120 STAVANVS.
1536 1049 1574 1112 P.
1591 1045 1630 1112 tt.
1648 1043 1752 1120 AVG.
1849 1125 1852 1138 .
1903 1107 1909 1122 ,
2005 1007 2009 1022 ¹

79 1201 89 1210 .
196 1151 539 1229 (inluminator,
576 1163 715 1232 eumpta·
730 1147 777 1210 ibi
801 1167 967 1233 purpura
1004 1167 1047 1212 ex
1074 1151 1169 1214 uuiua
1192 1150 1317 1218 Goltaii
1345 1151 1462 1216 fallace
1490 1147 1621 1216 officina
1643 1167 1752 1213 emer·

195 1252 295 1318 tacita
326 1251 368 1318 ud
404 1251 598 1337 obsequium
632 1247 804 1320 revocatur
837 1265 945 1316 morte
1004 1250 1057 1318 ait.

197 1351 359 1440 perfidiae
380 1372 503 1438 poenae
524 1349 626 1418 dedit.

629 1667 790 1774 ¹..un
835 1670 902 1732 on.
945 1667 1229 1752 rumora.

257 1859 362 1924 Piliae
377 1861 438 1926 lul.
455 1861 652 1938 Conatantii,
676 1881 772 1946 quem
789 1865 944 1928 Conetan·
1004 1861 1116 1926 duriue
1133 1864 1181 1946 Ι),
1204 1859 1429 1927 Theodosium
1443 1861 1488 1924 tt.
1503 1879 1619 1924 numoa
1634 1879 1748 1924 omnen

189 1961 256 2028 tiui
271 1967 315 2029 tt.
333 1961 470 2028 fratrem
488 1961 644 2037 diuimnr,
669 1975 705 2034 et
717 1963 881 2029 Baeiliuae
899 1965 945 2031 al·
1002 1963 1118 2028 Iuliani
1132 1963 1276 2048 imagine
1291 1963 1436 2048 ineignee
1451 1959 1588 2026 conflari
1603 1962 1747 2045 jueaiaae.
1807 2037 1817 2052 ἱ
1871 1983 1881 1994 ·

188 2065 297 2128 terina
314 2062 397 2142 tori,
421 2063 602 2130 Conatautii
616 2061 704 2126 Galli
719 2065 868 2129 Caesarie
880 2065 945 2128 ira·
1002 2064 1092 2127 letud
1112 2064 1139 2126 ei
1159 2085 1290 2144 rerum,
1312 2077 1378 2130 tem
1395 2085 1510 2150 parum
1531 2065 1581 2127 illi
1597 2065 1749 2149 propoei-

193 2180 248 2230 ter
273 2183 449 2250 germuuue
475 2179 552 2228 natu
578 2165 696 2228 minor.
738 2165 779 2233 V.
804 2169 840 2231 C.
863 2186 944 2251 aooo
1001 2179 1071 2230 tum
1087 2165 1211 2230 ietude
1233 2182 1311 2234 voto
1329 2169 1445 2244 oeaeit,
1469 2179 1565 2251 atque
1582 2166 1668 2244 illie,
1691 2164 1748 2250 qui
1801 2179 1804 2188 ’

193 2261 232 2328 P.
247 2265 367 2348 2837
388 2277 518 2328 mortuo
536 2265 748 2330 Conatautiuo
763 2271 809 2330 tt.
828 2289 945 2353 parum
1001 2283 1172 2333 antaeum
1195 2267 1301 2331 aimiia
1324 2267 1401 2350 quid
1423 2279 1604 2338 tentavere.

188 2366 323 2440 aberat,
347 2365 424 2451 quin
442 2386 461 2432 e
478 2366 669 2432 Conatautio
685 2370 786 2452 dap,
810 2371 866 2454 qui
880 2369 945 2453 jam

122 2551 126 2559 Ι
191 2481 323 2552 patrem
349 2469 575 2534 Conatantium
600 2467 793 2550 sustulerat,
815 2471 946 2535 occide·
1000 2475 1052 2537 Ab
1073 2493 1159 2538 uano
1184 2475 1221 2534 7
1242 2475 1372 2536 stilos
1392 2476 1430 2536 P.
1451 2473 1492 2534 X.
1505 2479 1569 2534 355
1590 2473 1638 2533 ad
1659 2475 1696 2536 V
1714 2474 1746 2536 C

191 2581 301 2632 retur.
345 2569 625 2636 Sorrutuetauten
643 2585 711 2649 eet,
734 2571 945 2656 quodabin·
1224 2581 1305 2637 1113
1328 2577 1366 2637 P.
1386 2575 1429 2635 Χ.
1451 2579 1524 2636 360

168 2663 284 2735 ‘ento
303 2673 454 2753 eaptenni
471 2673 575 2736 omnia
592 2671 782 2738 insidiarum
800 2673 943 2756 auspicio
1298 2673 1482 2739 CAESAR.

184 2769 316 2837 aberat.
360 2771 527 2840 Educatue
554 2772 674 2838 deiude
707 2773 793 2858 apud
822 2773 945 2838 Macel-

191 2871 262 2938 lum
281 2874 506 2961 Cappadociae
533 2897 595 2942 una
619 2895 692 2942 oum
719 2877 822 2940 fratre
845 2876 942 2941 Gallo
1065 2873 1208 2941 Iulianae
1231 2875 1272 2941 ad
1293 2821 1506 2942 vindicandae
1532 2873 1572 2937 ab
1597 2874 1747 2938 Aleman-

187 2973 365 3040 ditaturum
387 2978 502 3044 etudiie
525 2993 628 3044 totum
649 2999 685 3042 ee
707 2977 816 3057 dedit,
838 2992 871 3043 ot
896 2978 944 3040 in·
1000 2999 1119 3043 norum
1144 2977 1385 3044 incurrionibue
1407 2977 1529 3066 Galliae
1551 3000 1570 3040 a
1591 2977 1748 3042 Constan-

188 3090 246 3141 ter
274 3079 422 3145 Cleriuue
444 3081 632 3164 adeoriptue
661 3081 796 3145 lectorio
823 3099 940 3142 munna
998 3083 1045 3146 tio
1058 3081 1210 3145 mittitur.
1232 3083 1301 3168 an
1324 3080 1422 3146 varii·
1440 3079 1747 3164 primumpraeliia,

190 3177 327 3264 publiea
344 3179 456 3244 obivit.
503 3181 601 3246 Gallo
619 3183 660 3247 ud
679 3185 870 3247 Caesaream
895 3181 943 3243 di·
998 3186 1130 3248 dentum
1145 3184 1184 3248 P.
1199 3185 1240 3248 X.
1255 3171 1320 3266 357'
1335 3182 1464 3246 collatio
1481 3181 1567 3266 apud
1585 3184 1749 3265 Argento-

193 3279 352 3360 gnitatom
370 3294 487 3346 ereoto
509 3284 573 3367 ipei
589 3303 721 3368 quoque
741 3285 832 3348 exire
854 3303 873 3346 e
891 3303 942 3348 ao·
998 3302 1104 3352 ratum
1125 3285 1233 3369 signia
1249 3284 1477 3351 internecione
1500 3285 1617 3352 caedit.

190 3379 333 3444 litudiue
349 3381 562 3464 permissum,
585 3405 622 3448 au
638 3399 708 3450 tum
724 3386 822 3450 rariie
838 3385 872 3446 in
890 3407 942 3447 ur·
1284 3432 1305 3470 4
1367 3387 1387 3424 ⁴
1450 3433 1470 3473 p
1613 3467 1615 3474 Ι

190 3480 290 3546 bibus
309 3481 342 3542 in
361 3475 634 3567 philosophorum
653 3485 849 3570 plerumque
865 3505 943 3550 oon·
1000 3491 1040 3552 Δ.
1141 3487 1603 3558 D.N.1VL1ANVS.N.C.
1626 3492 1748 3554 autri·

188 3584 299 3672 eortio
325 3585 420 3662 vixit,
451 3606 591 3670 quorum
611 3587 792 3662 institutum
814 3601 848 3649 et
870 3585 942 3672 ipae
1143 3593 1273 3654 utiliter.
1345 3647 1348 3656 .

193 3682 326 3772 ¹qnoque
344 3688 514 3774 proferena
534 3703 594 3753 eet.
615 3689 734 3753 Fratre
753 3687 849 3752 Gallo
867 3709 943 3773 pro-
1000 3691 1039 3754 B.
1140 3691 1562 3764 n.tt.Ft..1v1.1Attvs.
1584 3691 1624 3753 N.
1648 3693 1691 3762 (3.,

189 3803 270 3878 pter
303 3809 433 3854 morum
466 3791 677 3875 asperitatem
714 3811 830 3870 onero,
866 3811 941 3854 curn
1000 3795 1037 3858 C.
1139 3793 1507 3862 ct..tv1.1.tttvs.tt.
1532 3797 1568 3859 C.

190 3891 400 3957 Conetantius
418 3893 568 3977 adjutore
588 3893 650 3958 tibi
666 3895 699 3956 iu
718 3893 943 3972 admiuiatrau·
998 3896 1041 3958 D.
1142 3895 1186 3959 D.
1201 3897 1242 3959 N.
1258 3894 1326 3959 ct..
1341 3894 1560 3965 iVleNVS.
1575 3893 1616 3957 N.
1631 3893 1668 3958 C.
1690 3905 1750 3958 aut
1845 3891 1878 3954 .‘

189 3992 238 4058 do
252 3994 393 4078 imperio
409 4017 490 4080 opue
505 4015 578 4061 orae
591 3995 734 4074 rideret,
751 3998 790 4066 V.
806 3999 841 4062 C.
861 3995 942 4060 ιιοθ
1028 4053 1032 4068 ,
1143 4000 1301 4060 rimiliter.

174 4099 229 4162 ·P.
251 4097 292 4160 X.
316 4097 378 4162 355
402 4097 560 4162 Iulianum
586 4098 627 4164 ad
656 4121 692 4162 ee
719 4098 943 4166 Mediolanum
1002 4101 1043 4165 E.
1143 4097 1666 4176 Ft..ct·.1VL1a1tVS.tt.0.,
1689 4111 1748 4164 aut

186 4201 333 4266 accitum
355 4201 530 4268 Caesarem
552 4217 642 4267 creat
659 4201 712 4268 die
728 4203 784 4270 VI·
801 4205 943 4271 Noram·
1144 4205 1308 4279 rimiliter,
1326 4209 1472 4288 praestan
1492 4210 1590 4270 etiam
1610 4203 1654 4263 D.
1676 4203 1719 4270 N.

178 4301 272 4367 ‚bria
515 4311 525 4324 '
999 4303 1038 4368 F.
1096 4365 1101 4374 ,
1140 4305 1228 4386 tptt’.
1264 4299 1482 4400 IVLIANVS.
1520 4307 1562 4372 N.
1600 4307 1638 4370 C.
1673 4305 1747 4371 vet:

256 4402 375 4466 Narrat
394 4419 507 4470 auctet·
527 4409 672 4475 incertus
687 4409 941 4474 Euerrutiouum
1141 4407 1244 4473 NOB.
1260 4407 1383 4472 CAES.
1398 4410 1500 4488 (Mur.
1516 4409 1608 4474 Caes.
1624 4405 1745 4488 Band.)

183 4505 569 4588 chronographiam,
585 4527 683 4594 quem
697 4511 842 4596 ratgario
855 4514 939 4578 Bau·
1062 4511 1181 4598 ceput.
1204 4525 1241 4574 ut
1264 4511 1376 4575 fratria
1401 4509 1504 4586 Galli,
1533 4528 1666 4593 temper
1688 4530 1748 4571 nu·

226 4719 355 4800 a)1iup.
376 4720 491 4784 Orieut.
511 4741 580 4801 pag.
598 4725 644 4798 96.
