4404 5564
484 573 532 642 w
1087 549 1477 626 ansanus

669 725 708 786 P.
721 719 788 796 rte.
805 719 867 782 col.
881 740 909 781 ι.
924 719 984 782 lin.
998 737 1047 802 ro.
1098 748 1102 754 ·
1284 743 1302 782 a
1318 715 1656 788 Pallantioarcudim
1675 716 1820 796 ductam,
1840 719 1913 803 jure
1929 722 1965 785 in
1981 720 2033 784 in·

546 821 625 892 Vidi
649 834 763 906 postea
783 841 917 896 numum
944 818 1126 882 Sestiuiano
1149 817 1227 882 huic
1284 819 1497 886 credibilibus
1523 817 1712 904 putandum.
1751 821 1833 892 Nam
1863 822 1936 908 quis
1966 823 2032 888 sibi

480 924 686 1011 simillimum
712 923 746 985 in
777 943 890 1007 museo
922 921 971 988 ill.
999 941 1082 986 com.
1108 920 1227 998 Vitzai,
1283 922 1511 1008 persuadebit,
1533 936 1663 985 remoto
1684 922 1744 986 illo
1762 944 1862 1002 acro,
1885 945 1951 1010 quo
1969 946 2028 990 co·

444 1031 451 1044 '
484 1027 545 1092 sed
570 1027 605 1088 in
632 1046 699 1110 qno
720 1038 843 1088 tantum
866 1022 989 1106 legitur
1010 1016 1228 1086 ΠΟΙΗΤΟΤ
1283 1025 1378 1088 lones
1396 1025 1516 1088 Graeci
1534 1025 1691 1103 emisere,
1707 1025 1871 1090 Arcadum
1887 1047 2030 1092 examen

479 1125 721 1198 KA···NOC·
740 1130 777 1187 ln
795 1126 890 1210 hujus
907 1123 1122 1202 aversaillud,
1139 1121 1227 1209 qnod
1283 1127 1423 1192 erasisse
1441 1127 1474 1187 in
1491 1126 1679 1211 Hispaniam
1696 1126 1870 1192 Borealem
1888 1130 2029 1194 Graecis

481 1251 599 1294 numus
619 1228 756 1292 Sestiuii
776 1229 876 1292 instar
897 1227 1035 1306 duorum
1061 1225 1227 1309 lignorum
1283 1241 1468 1294 constanter
1484 1228 1644 1312 ignotam,
1668 1243 1702 1291 ct
1717 1231 1846 1294 nonnisi
1861 1234 2030 1296 Romano-

482 1331 596 1407 ollert,
623 1344 732 1394 certae
752 1329 939 1394 sunllaces.
968 1329 1070 1412 Caput
1092 1348 1227 1392 corona·
1281 1350 1355 1390 rum
1386 1331 1483 1392 armis
1513 1345 1659 1413 apertam
1687 1330 1817 1394 tandem
1848 1336 2030 1418 cognitam·

477 1447 545 1496 tum
568 1433 669 1516 partis
694 1432 836 1506 anticas,
862 1433 947 1494 sitne
970 1429 1085 1507 maris,
1112 1451 1152 1493 an
1176 1428 1237 1492 [ε-Ι
1281 1431 1370 1515 que?
1393 1431 1786 1524 Quaproptermimelium
1803 1433 1888 1496 istud
1905 1437 1939 1497 in
1956 1439 2028 1520 pla·

477 1533 606 1611 minae,
624 1553 691 1596 nou
710 1533 786 1598 satis
805 1531 968 1597 discerno.
1188 1553 1191 1558 ·
1282 1553 1353 1616 gam
1380 1533 1562 1618 quampiam
1580 1535 1759 1599 cultiorem
1784 1549 1834 1599 est
1855 1536 2029 1600 retrahen-

1280 1634 1367 1710 dum,
1383 1649 1415 1698 at
1433 1656 1597 1719 quorsum,
1613 1638 1776 1702 incertum
1792 1659 1879 1716 sane,
1897 1657 1934 1701 ac
1948 1659 2029 1722 pro-

602 1723 642 1785 P·
654 1717 727 1794 ¹04·
747 1718 809 1780 ⁶⁵⁰²·
824 1737 854 1782 ²·
872 1729 949 1800 ΡΜ
966 1717 1027 1784 ῙῘΠ·
1046 1740 1093 1779 ¹¹·
1279 1749 1394 1820 pterea
1418 1738 1610 1818 praestabit,
1639 1739 1673 1802 iri
1698 1741 1758 1804 hac
1781 1741 1863 1803 illud
1884 1742 2030 1804 incerto·

542 1839 650 1919 ceput
670 1837 818 1901 Vulcani
835 1837 926 1917 pileo
951 1840 1065 1900 coaice
1087 1849 1221 1912 tectum,
1279 1860 1353 1900 rum
1379 1837 1517 1902 statione
1546 1841 1707 1920 detineri„
1738 1843 1844 1908 donec
1873 1842 2028 1927 probabi·

476 1953 566 2002 retro
576 1943 724 2022 forceps.
748 1934 772 1996 ΖΕ
796 1935 925 2000 Pace.
952 1939 1065 2000 Larua
1084 1940 1223 2021 Dyony·
1279 1941 1363 2004 liora
1380 1925 1606 2024 guisadferat.

475 2045 590 2115 sicca,
615 2039 725 2114 alata,
750 2041 811 2101 sub
832 2044 1035 2121 saepedum
1059 2040 1111 2103 vel
1132 2039 1224 2123 thyr-

473 2164 533 2206 sus
550 2161 624 2203 cum
645 2145 779 2218 taeniis.
802 2141 872 2202 ΑΕ.
890 2143 946 2205 ΙΙΙ.

536 2247 598 2310 His
615 2241 725 2312 verbis
746 2242 907 2306 Sestinius
923 2263 1057 2305 numum
1075 2241 1164 2306 hune
1180 2262 1222 2306 ex
1342 2224 1518 2290 Delealuri
1537 2249 1616 2292 n⁰¹1·
1670 2307 1676 2316 ,

476 2369 592 2414 museo
611 2345 738 2410 comitis
756 2344 871 2412 Veriti
892 2343 1075 2428 descripsit.
1104 2344 1147 2404 Ei
1172 2365 1222 2407 se·

477 2453 554 2516 dem
572 2448 751 2533 adsignavit
769 2447 947 2510 Palantiam
966 2446 1082 2510 urbem
1102 2447 1222 2510 claram

478 2556 514 2616 in
546 2551 703 2620 Vaccaeis
741 2549 917 2633 Hispaniae
956 2547 1220 2612 Tarraconensis.

475 2657 600 2718 Parum
619 2652 714 2717 ‘istud
743 2651 932 2716 verisimile.
970 2653 1080 2732 'I'ypus
1106 2649 1223 2711 utrius·

478 2777 544 2842 que
566 2754 666 2840 partis
697 2773 738 2816 ex
769 2773 850 2836 pura
870 2752 1069 2815 Graecorum
1092 2751 1223 2814 Latino·
1410 2787 1449 2850 p⁸
1468 2743 1894 2869 2¹5⁸,50L1Lp0521572s50‘

476 2877 594 2923 rumne
617 2853 816 2937 mythologie
843 2853 964 2936 petitus
993 2873 1107 2936 parum
1135 2853 1223 2918 favet
1340 2903 1524 2966 Laodicaea
1547 2905 1730 2988 Phrygiae:
1760 2899 1805 2966 A·
1825 2902 1925 2970 MA·
1948 2905 2022 2970 Tg·

476 2957 599 3042 oppido
613 2953 789 3037 Hispaniae
802 2954 1056 3017 Tarraconensis
1072 2967 1137 3018 tam
1151 2955 1223 3018 lon·
1277 3001 1667 3072 PTMNACIAPXHC·
1684 3001 1958 3074 ANGQHKGN·

474 3081 516 3147 ge
540 3061 575 3121 in
594 3056 794 3144 Aquilonem
813 3069 962 3134 remoto,
984 3055 1076 3138 cujus
1099 3068 1221 3120 tractus
1340 3105 1427 3174 Vide
1468 3127 1551 3190 quae
1571 3105 1613 3169 de
1631 3127 1731 3170 numo
1751 3107 1816 3170 hoc
1834 3125 1951 3173 recem
1971 3129 2025 3172 m·

475 3163 503 3228 si
532 3161 588 3248 qui
615 3161 707 3222 numi
737 3171 876 3233 exstant,
906 3157 929 3218 ii
951 3158 1060 3242 potius
1086 3157 1220 3235 bovem,
1424 3151 1465 3223 .’.
1564 3207 1571 3223 .
1764 3209 1770 3224 .

473 3286 605 3350 aprum,
628 3275 681 3326 sut
698 3261 842 3345 aliquem
862 3279 937 3322 cum
952 3281 990 3322 re
1005 3261 1151 3324 Romana
1164 3281 1221 3325 ne·
1277 3220 1374 3294 pm
1400 3208 1539 3273 ‘humus
1558 3230 1596 3270 m
1618 3207 1788 3273 fidem
1811 3209 1853 3273 'd
1873 3211 1947 3278 m
1965 3211 2022 3278 ω’

472 3389 549 3430 xum
578 3365 704 3428 sistunt.
743 3361 841 3454 Quod
868 3362 912 3426 ait
936 3363 1113 3440 Sestinius,
1141 3347 1219 3447 typo
1276 3311 1395 3394 Ρίθό*

472 3469 573 3553 partis
592 3487 727 3533 auersae
748 3485 844 3550 posse
863 3463 974 3528 adludi
989 3464 1029 3527 ad
1047 3465 1144 3529 deum
1160 3466 1220 3529 Pa·
1457 3452 1579 3516 Eeho.
1599 3452 1660 3513 col.
1676 3467 1705 3510 a.
1719 3451 1779 3515 lin.
1793 3471 1841 3532 17.

472 3594 531 3650 na,
555 3583 588 3634 et
604 3569 652 3632 sic
672 3567 1036 3631 notariPalautinorum
1057 3568 1220 3653 originem
1334 3573 1417 3634 Post
1442 3583 1620 3652 occeperat.
1652 3570 1696 3632 At
1715 3570 1819 3633 multo
1843 3569 1931 3634 istud
1949 3593 2022 3639 cer.

1461 2110 1498 2170 P.
1512 2111 1581 2186 175.
1603 2111 1667 2174 col.
1681 2129 1710 2180 a.
1731 2111 1789 2174 lin.
1805 2128 1836 2176 a.

1407 2396 1444 2457 P.
1459 2403 1528 2476 roo.
1548 2397 1611 2460 col.
1629 2418 1656 2460 ι.
1669 2410 1747 2480 post
1764 2399 1826 2463 lin.
1842 2417 1891 2460 rs.

1341 2515 1502 2598 Eucarpia
1522 2515 1697 2600 Phrygiae.
1724 2511 1755 2576 Γ
1756 2514 1826 2580 ΡΑ.
1846 2515 1935 2586 Vide
1956 2519 2024 2582 Ad·

1279 2616 1385 2682 denda
1402 2617 1444 2682 ad
1457 2618 1538 2680 hanc
1557 2617 1683 2696 urbem,
1700 2617 1764 2684 vol.
1778 2622 1834 2684 lll.
1851 2620 1891 2684 ad
1907 2642 1941 2706 p.
1953 2621 2022 2687 153.

469 3807 584 3866 insulae
597 3817 692 3884 parte,
710 3824 768 3882 qua
781 3805 838 3861 sita
854 3816 917 3862 erat
930 3806 1039 3873 Naxus,
1054 3805 1147 3862 serius
1162 3805 1400 3864 Tauromenium.
1419 3805 1460 3862 At
1474 3804 1552 3861 enim
1568 3823 1584 3860 e
1598 3803 1715 3880 Polybii
1730 3803 1830 3863 verbis
1843 3820 1926 3882 patet
1938 3791 2014 3865 Mer·

471 3917 577 3974 ganam
591 3894 674 3954 haud
688 3893 796 3971 procul
808 3893 959 3969 Syracusis
974 3893 1107 3962 stetisse,
1129 3894 1229 3971 itaque
1245 3895 1342 3952 omnia
1358 3894 1473 3969 egregie
1490 3893 1689 3962 concordant,
1710 3895 1798 3952 etiam
1812 3896 1837 3952 si
1850 3901 2017 3976 Mergauam

470 3985 586 4062 Polybii
611 3997 641 4041 et
659 3985 822 4059 Morginam
840 3984 999 4060 Stephani,
1025 3995 1054 4040 et
1076 3984 1272 4060 Morgantium
1296 3983 1358 4040 sive
1381 3983 1579 4059 Murgentiam
1599 4003 1688 4040 unam
1711 3985 1896 4065 eandemque
1913 3989 2017 4048 urbam

471 4075 677 4144 contenderis,
693 4092 762 4130 nam
777 4075 973 4151 hlorgantium
989 4073 1087 4132 vicina
1104 4074 1244 4143 Calanae,
1261 4073 1358 4130 media
1373 4074 1434 4130 lere
1449 4074 1526 4130 iuter
1541 4073 1655 4130 Naxum
1671 4087 1700 4131 et
1714 4073 1884 4149 Syracusas.
1903 4077 2016 4138 Exinde

471 4179 555 4246 patet
569 4165 714 4223 immerito
729 4185 853 4242 negasse
869 4164 1049 4223 Palmerium
1062 4163 1211 4241 aliosque,
1227 4163 1357 4224 extitisse
1371 4164 1402 4220 in
1416 4161 1518 4222 Sicilia
1531 4177 1724 4224 memoratam
1739 4187 1755 4223 a
1768 4165 1893 4242 Polybio
1907 4169 2014 4228 urbem

469 4259 656 4334 lllergauam,
677 4256 849 4332 gravissimo
864 4261 940 4313 laste
957 4274 1057 4314 numo.

542 4345 668 4422 Conjeei
685 4347 757 4404 alias
772 4348 847 4404 sorte
862 4347 987 4423 primam
1004 4343 1120 4402 literam
1136 4345 1165 4401 Μ
1181 4361 1241 4402 non
1260 4362 1324 4402 esse
1338 4345 1591 4422 interpretandam
1607 4345 1637 4403 Μ
1650 4348 1705 4404 sed
1718 4345 1761 4418 Σ,
1776 4347 1919 4422 scriptam
1933 4367 2014 4407 nem-

466 4457 516 4517 pe,
531 4439 575 4496 uti
588 4437 759 4514 saepissime
775 4435 805 4492 in
816 4438 992 4513 pervetustis
1005 4435 1153 4512 argenteis
1167 4433 1368 4512 Sybaritarum
1384 4447 1412 4492 ct
1428 4435 1590 4504 Posidonii,
1605 4435 1756 4516 inquibus
1771 4429 1847 4496 MT
1861 4449 1890 4496 ct
1904 4429 2020 4498 FOM

466 4549 523 4606 pro
542 4519 608 4587 ΣΤ
623 4541 651 4586 et
665 4521 781 4596 ΠΟΣ,
802 4529 880 4586 unde
896 4527 1026 4604 suspicio
1040 4537 1103 4584 erat
1117 4527 1262 4604 Sergcntii
1275 4525 1356 4585 urbis
1371 4525 1496 4584 Siculae.
1517 4525 1578 4584 Sed
1594 4527 1720 4616 cursim
1736 4527 1894 4586 inieramus
1914 4527 2020 4586 literae

468 4621 498 4675 Μ
515 4619 596 4676 nulia
608 4620 796 4687 necessitate,
810 4637 876 4675 cum
890 4619 1058 4694 Marganam
1069 4619 1241 4676 teneamus?
1255 4617 1605 4694 PraetereaSergenlium
1621 4617 1693 4674 urbs
1711 4619 1934 4677 mediterranea.
1954 4619 2017 4676 Sed

469 4719 501 4767 ut
515 4709 633 4770 Siciliae
647 4708 736 4768 urbes
749 4707 910 4764 maritimae
929 4707 1024 4766 numis
1044 4709 1189 4788 argenteis
1209 4705 1378 4778 abundant,
1398 4707 1440 4768 sie
1459 4718 1546 4788 egeat
1565 4695 1798 4769 mediterraneae
1805 4733 1813 4778 ;
1835 4729 1903 4766 nam
1922 4710 2015 4788 pauci

468 4814 551 4872 suut,
572 4813 601 4859 et
613 4799 751 4878 plerique
765 4797 885 4858 mineris
898 4795 1019 4857 formae.
