4476 5564
487 428 637 556 ³92]
967 499 984 546 .·
1117 431 1398 510 oarvrx.
1517 515 1523 526 ,

550 617 630 701 Ejus
652 613 894 700 suscipiendae,
926 628 960 678 et
986 618 1229 686 consecrandae
1286 615 1519 702 principatum,
1547 625 1581 680 et
1599 624 1686 697 resp'.
1711 611 1762 677 iris
1785 611 1875 677 velut
1898 609 2029 704 cunicu-

488 739 574 792 non¹
596 738 693 780 uuarn
736 715 848 780 habuit
883 719 1049 802 Augustus
1091 743 1229 786 causam.
1287 718 1346 794 lis,
1376 718 1528 780 nimirum
1556 714 1707 804 populari
1736 715 1865 798 specie,
1885 719 2030 794 certius,

487 823 720 900 Praeterquam
749 819 835 882 enim
864 818 951 903 qnod
980 821 1157 884 secundum
1180 843 1229 900 ea,
1258 887 1261 894 ,
1288 840 1383 904 quam
1411 832 1522 904 aperta
1546 817 1578 884 ti
1599 818 1642 882 sit
1670 833 1795 881 eversa.
1838 820 1948 902 Atque
1970 820 2033 884 bau

488 942 570 1006 quae
589 941 686 1002 supra
704 919 976 998 commemoravi,
1000 935 1034 986 et
1052 925 1231 1005 potentiam
1288 919 1506 985 saue'iiducia
1527 918 1611 983 dicta
1635 931 1685 982 est
1707 917 1822 984 Tacito
1843 921 1960 984 samari
1975 923 2032 1004 sc·

485 1024 549 1086 sibi
572 1021 733 1103 adjunxit,
755 1033 789 1084 et
810 1021 1035 1098 securitatem,
1064 1025 1230 1107 popularis
1286 1027 1379 1106 stipii
1392 1023 1596 1100 vocabulum,
1612 1040 1678 1084 non
1695 1021 1781 1102 quod
1797 1021 1854 1085 illa
1870 1041 2032 1086 summum

474 1124 656 1208 potestatis
698 1120 808 1204 specie
852 1123 1005 1186 iuvidiam
1044 1126 1230 1200 declinavit,
1287 1121 1449 1207 fastigium
1469 1119 1768 1204 significaret,'sed
1791 1123 2031 1208 quodammodo

488 1229 597 1290 exosis
629 1238 696 1287 tum
729 1223 867 1288 maxime
894 1231 980 1308 rapis
1005 1238 1039 1288 et
1064 1229 1232 1288 dictatoris
1288 1220 1455 1298 efiiceret,
1486 1243 1551 1306 quc
1573 1223 1671 1285 modo
1694 1221 1791 1286 etde
1815 1224 1951 1289 Tiberio
1973 1247 2030 1309 po·

490 1325 667 1394 vocabulis.
713 1325 811 1416 Quod
839 1326 971 1409 quidem
992 1327 1130 1408 Augusti
1155 1345 1233 1388 con·
1288 1323 1349 1386 tuit
1367 1321 1717 1405 adfirmaroVeliejus,
1740 1345 1817 1390 eum
1837 1330 2031 1393 tribuniciae

488 1429 597 1494 silium
627 1448 692 1489 non
719 1427 842 1508 fugisse
870 1428 1144 1514 perspicaciores,
1176 1426 1232 1488 de·
1282 1421 1955 1514 potcstatisconsortionefuissacequbtrsss
1963 1434 2031 1494 Aa·

489 1531 625 1598 claravit
645 1533 776 1592 Tacitus
800 1550 899 1611 agens
923 1532 965 1592 de
992 1541 1151 1613 potestate
1174 1528 1231 1590 tri·
1285 1537 1380 1607 gusto
1396 1523 1442 1604 d),
1459 1540 1555 1608 atque
1567 1547 1638 1590 eam
1647 1529 1808 1611 Vopiscus
1818 1549 2031 1612 quoquepcr·

488 1633 616 1696 bunicia
633 1635 679 1712 ¹):
701 1635 744 1694 Id
755 1635 870 1693 mermi
882 1635 1017 1711 sastipii
1032 1635 1230 1707 vccabulum,
1289 1637 1349 1688 tem
1365 1629 1541 1690 martanam
1558 1631 1678 1709 repulia
1694 1634 1822 1708 imperii
1839 1630 1964 1695 vocarit
1987 1629 2029 1713 ι3).

488 1737 610 1820 iuquit,
641 1739 807 1812 Auqustcs
829 1735 959 1810 reperit,
989 1721 1030 1791 ssd
1056 1731 1146 1810 regis
1173 1740 1232 1793 asrt
1287 1725 1414 1802 Fuere,
1436 1729 1492 1811 qui
1510 1727 1584 1789 buic
1603 1731 1754 1810 potestati
1771 1731 1906 1794 nimium
1924 1729 2031 1796 detra·

488 1836 655 1900 dictatoris
673 1853 785 1896 nomen
800 1836 987 1902 adsumeret,
1001 1849 1041 1890 cc
1055 1840 1161 1892 tamen
1176 1851 1232 1909 cp·
1288 1827 1420 1903 herent,
1442 1827 1517 1903 alil,
1540 1831 1595 1912 qui
1609 1830 1742 1896 nimium
1761 1834 1956 1898 tribuerent.
1976 1833 2029 1896 Ex

485 1944 662 2020 pellectione
685 1941 798 2017 ols'qssa
820 1945 925 1996 cetera
945 1933 1081 2010 imperia
1093 1935 1232 2010 praeni-
1286 1927 1352 1989 illis
1375 1929 1524 1992 Ncsisius
1545 1931 1680 1994 nimium
1702 1955 1837 2016 parcus,
1866 1949 1903 1998 ut
1923 1933 2030 1998 relect

487 2038 636 2118 aerest).
680 2013 786 2120 Atlpue
812 2033 899 2094 idem
923 2052 1020 2117 supra
1046 2031 1086 2092 tle
1112 2031 1229 2094 ecdem
1288 2029 1467 2114 Faginus),
1496 2021 1705 2111 existimarit,
1734 2035 1810 2102 trib.
1834 2050 2028 2119 potestatem

484 2145 634 2227 Augusto
651 2137 702 2219 b):
721 2141 827 2217 posito
845 2137 962 2196 IIIviri
977 2137 1241 2224 matascense„
1287 2134 1520 2215 inpetuosum
1551 2135 1678 2198 nullum
1709 2135 1896 2220 designasse
1926 2141 2029 2224 impe·

487 2249 549 2310 tem
565 2264 600 2305 sc
612 2245 741 2324 ferens,
769 2250 800 2302 et
817 2240 864 2299 cd
876 2240 1025 2298 tuendam
1037 2240 1159 2315 plebem
1176 2241 1231 2300 tsi·
1286 2235 1388 2311 rium‚
1417 2234 1476 2298 sed
1498 2250 1621 2307 tantum
1642 2237 1693 2320 jus
1713 2239 1956 2319 intercedendi,
1985 2254 2029 2304 at·

487 2349 615 2410 bssssicio
628 2349 909 2422 jureccntentrsns.
940 2336 1016 2429 Quo
1034 2336 1165 2420 quidem
1183 2340 1232 2399 in·
1287 2355 1350 2420 que
1379 2337 1617 2401 immunitatem
1638 2341 1679 2404 ab
1707 2343 1795 2405 omni
1822 2343 1947 2424 injuria.
1976 2342 2028 2404 Ex

488 2448 600 2510 stituto
621 2443 789 2526 professus
815 2438 991 2522 est,·quod
1014 2439 1228 2521 gratissimum
1287 2439 1337 2499 bis
1359 2439 1553 2504 Dotlwellua
1584 2443 1684 2505 nimio
1714 2443 1859 2506 liberalis
1888 2443 1921 2504 in
1950 2443 2026 2508 trib.

485 2549 593 2616 videri
614 2545 737 2627 populo
758 2542 886 2618 debuit,
910 2528 983 2604 eise
1006 2559 1042 2604 se
1064 2541 1146 2624 reip.
1165 2552 1237 2626 stu·¹
1286 2554 1446 2623 potestate
1463 2543 1619 2606 inclusam
1638 2565 1700 2608 una
1715 2544 1815 2609 inisse
1832 2558 2027 2627 potestatem

343 2619 377 2712 ⁸.
487 2647 725 2720 diutissimum,
756 2657 789 2705 et
818 2643 947 2706 nonnisi
968 2661 1010 2704 ex
1031 2643 1114 2726 reip.
1135 2661 1229 2706 more
1284 2642 1553 2728 proconsularem
1570 2645 1727 2712 adseruit.
1747 2649 1870 2716 Verum
1889 2647 1946 2710 has
1964 2649 2026 2712 sin·

484 2751 584 2817 sitam
605 2768 644 2810 ac
664 2746 750 2808 bona
771 2745 890 2809 cisium
920 2743 1143 2812 ostensuram.
1184 2745 1229 2808 Et
1285 2744 1416 2828 gulares
1434 2749 1609 2810 sententias
1625 2749 1691 2830 jana
1704 2749 1857 2816 adcurate
1873 2746 2027 2814 refutarit

483 2854 547 2916 init
566 2852 620 2914 hic
640 2849 753 2913 decori
777 2859 966 2930 praetextus
988 2845 1226 2931 quodammodo
1284 2846 1523 2912 eruditissimus
1552 2851 1759 2916 schwartius
1796 2853 1830 2916 in
1859 2858 2027 2918 Ecercita·

481 2953 687 3018 necessarius
709 2949 768 3012 iilo
790 2961 959 3034 tempore,
982 2967 1047 3035 quo
1067 2947 1227 3016 libertatis
1283 2953 1370 3014 tione
1395 2956 1580 3016 academica
1608 2959 1648 3018 da
1673 2959 1891 3037 depasturum
1913 2959 2025 3020 Caesa·

481 3056 671 3142 reccrdatio
689 3053 794 3116 adhuc
815 3051 983 3115 homiuum
1006 3049 1119 3113 animis
1141 3051 1227 3115 inse-
1282 3073 1414 3136 rumque
1430 3057 1503 3118 trib.
1514 3045 1674 3136 potestate
1688 3061 1713 3132 i.
1728 3057 1799 3128 ΧΗ.
1814 3071 1848 3122 ct
1864 3057 1967 3132 xttt,
1989 3069 2023 3120 et

483 3157 587 3224 derat.
631 3157 719 3250 Quin
737 3154 855 3219 eodem
872 3154 979 3218 adhue
997 3172 1072 3214 usus
1088 3153 1225 3218 consilio
1282 3156 1496 3218 Mausoleum
1516 3155 1551 3217 in
1566 3156 1792 3224 dissertatione
1812 3158 1958 3244 ejusdem
1975 3179 2024 3222 as·

475 3259 654 3336 Tiberius,
676 3259 775 3324 homo
798 3257 936 3325 violenti
957 3269 1067 3320 cetera
1090 3253 1224 3339 ingenii,
1283 3258 1428 3342 gumenti
1446 3279 1519 3344 pag.
1541 3279 1572 3342 7.

481 3364 541 3428 sed
559 3363 694 3428 astutiae
707 3359 869 3446 cognitae,
885 3369 999 3426 cancta
1008 3379 1067 3440 per
1080 3363 1225 3424 consules
1344 3362 1497 3443 Magnum
1515 3375 1622 3426 tamen
1638 3361 1701 3426 fuit
1717 3361 1803 3426 inter
1819 3375 1951 3429 soteres
1969 3361 2024 3424 tri·

481 3467 672 3546 incipiebat,
699 3476 851 3548 tanquam
871 3475 975 3526 cetere
994 3464 1172 3542 republica,
1193 3474 1226 3527 et
1280 3458 1385 3524 bunos
1412 3462 1544 3552 plebis,
1571 3479 1605 3528 et
1634 3463 1849 3548 imperatores
1870 3466 1945 3540 trib.
1967 3483 2023 3580 pu·

451 3597 456 3608 ·
480 3565 851 3648 cssbipcirsimpercnrii.
874 3569 923 3630 Ne
936 3568 1073 3628 edictum
1086 3569 1223 3648 quidem,
1280 3575 1396 3628 testate
1417 3565 1581 3650 praeditos
1602 3565 1792 3644 discrimen,
1815 3567 1906 3650 cujus
1928 3579 2024 3630 ratre-

366 3709 369 3720 ·
472 3671 718 3751 'quopctresiss
733 3671 1024 3742 curicmcocnbat,
1046 3670 1223 3728 scisitribss·
1278 3687 1356 3728 nem
1394 3673 1463 3750 ipse
1499 3669 1564 3731 Dio
1601 3670 1724 3754 aliquot
1760 3669 1842 3733 locis
1877 3667 2020 3752 expedit

477 3773 767 3848 nictce'pctcstatis
779 3772 1032 3849 praescriptione
1041 3771 1167 3848 possit,
1186 3779 1223 3830 ut
1278 3770 1424 3831 Primum
1454 3790 1561 3854 neque
1588 3774 1768 3857 Augustus,
1799 3791 1907 3853 neque
1936 3769 2022 3834 ullus

476 3870 522 3933 sit
550 3871 682 3936 Tacitus
698 3871 739 3953 ο).
782 3869 834 3931 Ex
856 3889 921 3955 quo
943 3881 1095 3955 apparet,
1126 3889 1221 3953 quam
1278 3869 1362 3934 alius
1389 3871 1568 3956 imperator
1596 3874 1717 3939 tribuni
1738 3875 1782 3959 pl.
1805 3889 1925 3936 noman
1949 3890 2022 3956 ges·

475 3971 583 4036 rstica
610 3971 712 4036 inerit
733 3992 771 4036 ea
793 3985 935 4054 potestas
957 3969 997 4036 sd
1027 3970 1221 4036 firmandum
1277 3973 1337 4054 sit,
1368 3972 1428 4037 sed
1449 3975 1577 4039 titulum
1600 3975 1923 4062 stupuerunt).
1966 3969 2023 4040 Νί-

512 4251 543 4322 a)
561 4247 638 4305 Aun-
658 4245 691 4306 L.
711 4245 761 4310 ltt
781 4267 808 4306 e.
827 4249 874 4311 56.
947 4247 982 4321 b)
1002 4253 1079 4310 Anu.
1100 4253 1122 4312 1.
1141 4265 1167 4314 2.
1243 4257 1273 4326 c)
1293 4253 1412 4318 Auml
1436 4269 1464 4321 7.
1539 4255 1573 4332 d)
1592 4257 1624 4316 L.
1643 4259 1679 4316 ll.
1700 4277 1727 4320 c.
1746 4273 1790 4334 99·
1865 4261 1897 4332 e)
1916 4257 1948 4318 in
1966 4259 2020 4319 Ta·

474 4340 532 4400 cito
551 4338 627 4416 Aug.
647 4354 673 4396 c.
694 4351 719 4396 t.
793 4335 942 4408 OCritic.
960 4341 1068 4398 lias-ou.
1089 4341 1128 4400 sd
1147 4361 1214 4401 aun.
1234 4341 1306 4404 Chr.
1326 4353 1379 4410 tta
1398 4365 1428 4404 n
1447 4346 1499 4406 tx,
1572 4349 1610 4426 g)
1625 4347 1656 4408 t.
1676 4349 1751 4408 Llll.
1775 4353 1801 4424 i.
1819 4357 1865 4416 32.

508 4517 540 4588 ⁶)
558 4497 706 4587 Quoniam
723 4508 892 4571 tribunatus
911 4531 972 4570 non
992 4521 1049 4571 tarn
1068 4513 1211 4575 honorem
1231 4525 1259 4576 et
1277 4517 1494 4592 excellentiam,
1512 4539 1602 4597 quarn
1621 4519 1760 4582 fiduciam
1778 4493 1882 4583 bontra
1901 4522 1962 4586 sint
1980 4533 2020 4585 st·

560 4599 646 4676 tulit,
665 4602 786 4680 conjicit
803 4601 940 4664 laudatus
959 4603 1134 4676 blattas-ius,
1161 4605 1196 4680 (l.
1213 4627 1238 4666 e.
1257 4627 1325 4690 pag.
1344 4615 1423 4688 438.)
1449 4611 1651 4676 renuntiante
1669 4613 1761 4674 etiam
1780 4611 1944 4692 Gttthetio,
1961 4637 2019 4700 pto

561 4699 761 4774 praemineret
778 4692 938 4773 legendum
956 4694 1042 4787 sorte¹
1048 4700 1263 4774 praemuniret.
