4440 5550
822 403 1138 488 nooonrvs.
1343 408 1350 418 ·
1498 363 1501 370 ’
1683 435 1751 500 ιιι

184 615 189 622 ·
210 595 358 664 dicemus
380 593 552 672 continuo,
574 591 744 658 tametio
762 593 870 658 numia
888 591 955 656 Eu·
1011 605 1106 677 typus
1131 605 1206 658 suto
1228 589 1452 660 Theodosium
1470 597 1529 674 ll.,
1559 609 1593 662 et
1607 595 1755 666 Valenti·

210 699 326 766 dosise
345 697 525 762 Theodosii
540 699 581 760 11.
1010 696 1141 758 niauum
1167 697 1224 760 111.
1253 695 1286 760 in
1317 711 1447 761 moneta
1470 719 1536 761 non
1557 719 1756 786 compareat,

578 795 598 834 ³
1011 797 1105 879 argui
1133 811 1258 882 potest,
1289 818 1416 861 numos
1434 799 1558 862 similas
1587 820 1653 864 non
1683 823 1756 869 esse

274 899 375 968 ΑΕΒ.
390 843 600 970 EVHOCJA.
615 897 716 968 AVG.
754 899 955 978 Caputcellss
1011 897 1178 962 Eodocise
1197 899 1349 977 Arcadii,
1371 900 1463 983 cujus
1489 921 1571 966 sero
1590 903 1618 965 is
1642 905 1674 966 in
1694 927 1758 969 usu

211 1009 319 1071 ωιινο.
1012 999 1156 1062 nondum
1178 997 1260 1076 fuit,
1291 999 1349 1068 sed
1375 1001 1545 1066 Eudoxias
1565 1005 1756 1084 Theodosii,

275 1107 399 1166 Nomos
417 1103 464 1164 tic
479 1100 652 1182 inscriptos
666 1098 956 1163 Bandnrinsdros·
1012 1120 1095 1184 quse
1123 1121 1195 1163 oum
1221 1102 1450 1170 Valentiniano
1471 1106 1526 1167 111.
1554 1107 1690 1189 posthac
1712 1108 1759 1172 di·

213 1201 261 1271 dii
275 1204 408 1288 conjugi
427 1201 556 1278 tribuit,
578 1213 614 1263 ot
632 1200 729 1263 modo
744 1199 876 1264 dictum.
916 1269 919 1280 ,
1012 1201 1099 1264 otius
1120 1202 1212 1267 vixit.

275 1312 357 1374 Siste
370 1309 551 1386 opipropla.
591 1305 955 1366 constanciacum.
1292 1348 1311 1388 4
1373 1301 1393 1342 ⁴
1457 1348 1478 1389 ,
1548 1307 1555 1319 ·
1681 1333 1685 1338 v

212 1409 284 1478 AV.
303 1409 371 1472 An.
388 1403 521 1488 (Hand.)
1075 1403 1260 1468 Bandurius
1299 1405 1375 1467 huic
1411 1405 1579 1473 Eudooise
1619 1411 1758 1494 largitur
1796 1417 1798 1426 ’

244 1569 251 1580 ,
277 1509 409 1574 Similes
432 1506 522 1568 numi
547 1505 715 1568 sicerunt
737 1504 833 1588 hujus
849 1504 959 1568 Eudo·
1012 1525 1146 1582 aureos,
1175 1507 1208 1569 in
1232 1527 1370 1592 quorum
1393 1529 1522 1573 aversas
1558 1511 1661 1580 VOT.
1686 1515 1758 1579 XX.

216 1611 303 1688 cine,
324 1625 361 1674 nt
375 1623 502 1682 tamen,
525 1606 658 1674 simodo
668 1611 829 1684 eudocia,
853 1613 959 1670 etEu·
991 1605 1285 1684 ntvLMxx..
1308 1610 1367 1680 sed
1393 1630 1473 1694 quos
1497 1612 1759 1676 essodiudosiao

213 1717 316 1778 docio
332 1705 472 1794 perinde
490 1721 657 1790 putamus,
681 1709 776 1776 etiam
795 1727 866 1770 esse
885 1729 960 1790 pos·
1015 1708 1215 1788 Theodosii,
1237 1711 1272 1772 in
1297 1711 1394 1795 hujus
1419 1713 1526 1776 numis
1542 1713 1682 1798 probaro
1705 1735 1759 1778 co·

213 1814 278 1880 sint
302 1811 470 1877 Eudoxias
504 1810 694 1874 Th'eodosii.
739 1811 824 1890 Sane
858 1809 959 1888 gemi-
1013 1808 1174 1878 nabimur.

212 1938 253 1981 na
271 1933 385 1980 aversa
398 1927 448 1976 est
465 1911 497 1973 in
514 1911 621 1974 numis
638 1911 802 1993 inscriptis
819 1911 959 1980 EVDO·
1292 1958 1313 1996 ,
1375 1913 1395 1952 ⁴
1457 1961 1477 2001 ι
1790 1995 1794 2002 1

212 2019 300 2084 ΧΙΔ.
344 2013 499 2088 secedit,
530 2033 663 2074 numum
689 2012 829 2076 similem
851 2011 959 2094 anepi·
1077 2013 1170 2077 Haec
1187 2012 1214 2076 si
1229 2027 1320 2078 recte
1336 2014 1489 2094 observo,
1512 2018 1627 2102 dequo
1639 2016 1762 2100 judica·

164 2129 167 2136 ’
215 2119 376 2204 grophum
398 2131 475 2200 typo
500 2115 605 2177 crucis
623 2115 706 2176 iutra
726 2113 868 2176 lauream
891 2135 957 2175 non
1014 2111 1095 2174 hunt
1116 2113 1253 2186 eruditi,
1276 2116 1423 2181 Eudocia
1447 2119 1627 2184 Theodosii
1651 2134 1761 2184 certos

215 2233 385 2302 repertum
410 2219 510 2280 fuisse
533 2216 698 2278 Bandurio
716 2227 792 2278 aute
814 2215 960 2282 Valenti·
1017 2235 1093 2278 snos
1110 2215 1209 2277 habet
1228 2234 1361 2291 numos,
1384 2230 1416 2279 at
1431 2218 1537 2286 minus
1554 2234 1663 2282 certos
1680 2222 1763 2285 haec

214 2323 345 2384 nianum
372 2321 416 2396 1.,
448 2319 507 2382 sed
528 2330 561 2381 et
587 2317 674 2383 hunc
696 2316 801 2400 ipsum
830 2317 881 2396 ajo
897 2319 960 2384 Va·
1016 2330 1127 2379 nostra
1157 2314 1299 2378 Arcadii.
1342 2317 1445 2380 Forte
1478 2319 1554 2381 huic
1585 2321 1686 2383 tutius
1708 2341 1763 2403 ap-

213 2421 392 2486 ientiniano
429 2423 485 2484 111.
522 2418 780 2493 restituendum,
817 2419 892 2500 quia
924 2419 958 2480 in
1015 2416 1131 2502 plicari
1145 2429 1280 2498 possunt
1296 2417 1558 2503 nnmiinscriplis
1582 2421 1762 2487 GLORIA.

215 2523 313 2607 hujus
335 2521 442 2584 nuruis
475 2522 573 2584 certis
610 2519 665 2582 hic
702 2533 797 2602 typus
825 2531 876 2582 est
903 2517 961 2584 ob·
1014 2519 1322 2594 ROMANORVM,
1371 2520 1442 2584 velt
1485 2523 1633 2590 svas.
1672 2523 1763 2586 REI·
1800 2553 1804 2561 ·

136 2707 139 2716 Ι
195 2626 305 2702 'vius,
328 2637 361 2686 st
376 2622 499 2686 fatente
513 2623 585 2706 ipso
601 2619 768 2685 Bandurio
782 2619 960 2684 discrimen
1016 2619 1253 2695 evomens),
1285 2637 1367 2701 quos
1388 2619 1558 2694 Eudoxiae
1584 2623 1681 2686 alteri
1707 2623 1764 2686 ari.
1882 2689 1887 2700 .

215 2727 304 2790 intes·
322 2724 421 2791 trium
437 2724 739 2791 Valentinianorum
764 2741 880 2786 numos
894 2745 959 2786 non
1017 2723 1086 2787 huit
1110 2721 1303 2790 Bandurins.
1349 2721 1416 2785 Sed
1441 2722 1538 2804 vide,
1560 2743 1643 2809 quae
1669 2743 1764 2811 prae·

215 2847 347 2914 semper
375 2825 536 2911 liquidum
565 2841 625 2892 est.
668 2827 751 2890 Cum
777 2825 879 2909 igitur
906 2825 961 2889 hic
1017 2839 1110 2890 terea
1129 2825 1240 2890 inhac
1254 2821 1447 2890 notabimus.

842 3254 959 3321 HON
965 3257 1054 3321 01t1
1062 3255 1132 3320 Vc.

280 3449 411 3516 narrem
436 3445 550 3512 tanat
567 3398 790 3513 rhemorum
809 3435 962 3532 asma·
1019 3451 1113 3526 ιιιιι,
1143 3449 1203 3516 ιιι
1224 3471 1243 3514 s
1267 3425 1423 3516 mitrati·
1447 3473 1522 3518 cam
1542 3452 1612 3517 otro
1635 3454 1764 3519 nocue·

216 3569 302 3620 trem
323 3553 396 3616 Ael.
419 3547 625 3626 Flaccillam,
654 3565 747 3616 natus
775 3571 859 3616 anno
889 3555 964 3629 384.
1018 3552 1072 3614 rio
1107 3553 1284 3618 Ravennae
1320 3555 1491 3619 occiditur.
1534 3556 1578 3619 At
1612 3555 1780 3620 Alaricus·
1911 3607 1918 3622 ,

211 3656 385 3728 ,Βισιιιιιὶι
409 3677 428 3717 a
451 3664 544 3740 patra
566 3643 669 3716 dio'tns
692 3655 876 3738 Augustus,
900 3653 962 3716 ltoo
1019 3653 1151 3715 nemine
1175 3653 1353 3718 obsistente
1374 3657 1511 3719 Romam
1544 3654 1692 3734 obsidat,
1715 3677 1767 3722 cs·

168 3780 172 3791 ’
217 3779 302 3826 anno
328 3756 389 3841 eqo
407 3768 538 3817 mortuo
562 3755 622 3818 sub
647 3755 837 3820 Stilichonis
860 3754 963 3818 tutela
1017 3769 1177 3836 piamque,
1196 3773 1280 3816 anno
1304 3761 1367 3828 oso
1395 3754 1526 3837 diripit,
1555 3757 1665 3838 paullo
1691 3771 1767 3838 post

219 3857 396 3926 Occidenti
415 3857 566 3940 praefuit.
607 3858 775 3942 Principio
796 3859 871 3921 satis
887 3877 963 3940 pro·
1018 3856 1052 3918 iu
1079 3853 1224 3920 Africam
1251 3855 1402 3936 trajicere
1424 3877 1541 3940 parans
1564 3859 1598 3920 in
1621 3857 1766 3922 Lucania

214 3979 315 4049 spera
341 3981 418 4024 usus
447 3961 578 4023 fortune
599 3957 774 4024 Gildonem
797 3961 830 4022 iu
852 3957 963 4022 Africa
1020 3959 1184 4022 moritur.¹
1216 3957 1398 4022 Successor
1431 3957 1612 4042 Alsalphus
1646 3959 1785 4024 relicta,

216 4065 399 4140 rebellem,
430 4063 511 4126 alios
542 4059 620 4134 alibi
642 4064 854 4146 compescuit.
900 4061 963 4124 Sti·
1019 4061 1111 4124 ltalia
1140 4059 1174 4122 in
1207 4058 1345 4122 Galliam
1374 4079 1575 4135 couversos,
1602 4058 1659 4123 nbi
1691 4061 1768 4125 Gal·

218 4167 309 4234 lioho
334 4164 499 4229 Alaricum
522 4161 724 4244 Gothorum,
746 4163 962 4249 Radagaisum
1019 4163 1084 4228 lam
1114 4161 1291 4226 Placidism
1329 4161 1424 4224 fratri
1460 4163 1612 4227 Honorio
1648 4163 1768 4230 abduc·

216 4271 413 4331 Hunnorum
438 4285 536 4348 reges
565 4281 721 4352 occupata
755 4266 820 4350 jam
856 4265 964 4331 media
1020 4282 1087 4331 tam
1107 4267 1170 4333 sihi
1199 4264 1405 4328 matrimonio
1429 4264 1597 4347 junxerat,
1629 4265 1742 4330 inde
1733 4290 1766 4328 sn

219 4369 311 4431 italia
335 4367 438 4432 elatos
460 4367 649 4432 clarissimis
671 4367 817 4437 victoriis
834 4387 965 4452 repres-
1020 4368 1227 4454 Hispaniam,
1249 4367 1435 4430 Barcinone
1458 4386 1477 4430 e
1497 4367 1608 4430 medio
1627 4367 1775 4460 tollitur,

219 4468 265 4534 sit
285 4469 443 4551 quidem,
478 4489 592 4534 varum
621 4472 685 4556 jam
715 4485 783 4535 tum
814 4471 963 4554 potiundi
1021 4471 1110 4532 inter
1133 4469 1230 4534 has'
1219 4489 1254 4532 sn
1272 4469 1364 4534 ltalia
1392 4467 1504 4531 turbas
1527 4459 1763 4534 Alamannus
1743 4489 1768 4529 ι

218 4570 353 4658 imperii
384 4569 520 4634 consilis
548 4570 690 4653 agitans,
723 4573 890 4636 Alaricum
928 4574 964 4635 in
1021 4573 1127 4638 cinam
1141 4571 1295 4656 Alpibus·
1299 4567 1525 4642 Germaniam,
1546 4568 1667 4632 Franci
1684 4569 1766 4634 Pha·

222 4673 364 4752 ltaliam,
395 4671 478 4736 alios
505 4669 701 4737 barbaros'
689 4691 723 4736 tn
746 4673 928 4740 Galliam
917 4695 966 4736 sn·
1012 4655 1181 4738 Ιιιιιιιιιόο
1215 4671 1301 4738 duce
1330 4669 1469 4736 Galliam
1502 4661 1672 4754 Belgicam
1711 4691 1767 4736 oc·.

1493 4772 1562 4834 Ta
