4482 5560
496 456 569 552 ὅσα
834 543 837 550 p
1118 431 1314 512 capvt
1353 431 1431 508 vu.

501 646 650 714 constat3
679 651 721 696 an
750 644 833 693 reto
862 623 962 690 etiam
982 615 1170 706 Germanici
1190 633 1247 678 aa·
1302 616 1384 684 earu
1401 609 1536 680 nomine
1552 628 1626 679 asse
1642 607 1770 675 munire
1785 605 1835 693 ι>),
1857 605 1950 690 eujus
1969 623 2047 671 con·

501 735 636 828 potem?
670 729 873 802 Vocabulum
900 746 997 807 nepos
1026 719 1118 784 binas
1147 715 1246 780 habet
1303 717 1747 802 tinuoexemplumsecutus
1764 709 1932 780 estOtho,
1975 707 2047 770 Dii·

504 836 779 924 signidcationes3
809 825 980 904 aut'enim
1008 822 1128 886 indicat
1157 839 1245 894 eum,
1302 819 1422 889 fioilior
1443 819 1484 884 ad
1511 818 1617 882 aliona
1640 839 1658 880 a
1681 836 1717 880 ae
1745 807 2047 895 nominabVitellius

501 943 561 1028 qui
582 961 622 1002 ex
645 935 716 1002 filit)
734 933 868 1002 attifiiia
884 943 978 993 natu!
996 939 1061 1002 eet,
1083 935 1137 987 uui
1159 940 1247 996 eum,
1302 923 1578 1008 Augustinorum
1597 918 1740 994 distulit,
1761 912 1910 982 Caesaris
1926 914 1959 974 in
1974 931 2048 997 pe!-

503 1064 601 1132 quem
623 1041 725 1101 irater
746 1057 839 1097 meus
862 1047 997 1098 sororve
1020 1044 1177 1112 genuere.
1207 1023 1245 1084 ln
1302 1039 1437 1112 petuum
1467 1020 1645 1096 recusavit,
1675 1033 1711 1084 ut
1739 1017 1860 1081 dietum
1889 1016 1923 1078 in
1951 1015 2049 1098 hujus

501 1148 617 1233 priore
649 1159 745 1203 seusu
776 1137 882 1208 Nero,
914 1153 973 1196 seu
999 1142 1146 1192 naturam
1175 1141 1249 1207 spe·
1302 1125 1421 1197 numia.
1447 1127 1527 1188 Post
1542 1124 1624 1186 haec
1642 1119 1792 1206 exempla
1808 1115 1944 1184 invaluit
1958 1135 2049 1192 usus,

502 1251 590 1324 etse,
614 1263 672 1305 seu
688 1237 912 1320 adoptionem,
935 1228 1123 1296 Germanioi
1144 1245 1248 1310 nepos
1304 1243 1339 1294 et
1358 1242 1519 1314 perpetua
1539 1225 1697 1310 quaedam
1719 1222 1792 1299 lex,
1812 1233 1848 1285 ut
1863 1220 1918 1304 qui
1935 1237 2047 1303 cupre.

504 1349 571 1416 dici
597 1365 663 1408 non
693 1341 817 1424 potuit,
840 1335 899 1400 aad
920 1333 987 1436 'dipi
1007 1332 1113 1417 potuit
1134 1349 1171 1394 ae
1193 1328 1248 1392 de·
1304 1353 1395 1396 mum
1417 1329 1594 1416 imperium
1614 1325 1796 1402 obtineret,
1824 1338 1964 1408 utroque
1991 1342 2049 1386 nu·

502 1451 574 1514 buit
600 1448 634 1506 in
663 1464 762 1506 censu
788 1440 911 1514 attero,
935 1437 1055 1520 quippe
1077 1432 1246 1515 adoptatur
1303 1434 1390 1496 mine
1414 1433 1623 1516 gloriaretur.

504 1577 525 1618 a
554 1521 794 1626 ctaaui0‚‘qui
825 1537 1012 1601 Germanici
1043 1535 1146 1598 irater
1176 1530 1248 1595 fuit.
1331 1533 1334 1542 ’
1366 1535 1419 1594 Ex
1441 1533 1491 1595 his
1513 1532 1598 1596 adeo
1614 1525 1819 1592 manifestam
1838 1537 1905 1601 est,
1927 1540 2050 1586 nomen

503 1655 549 1716 At
576 1652 664 1714 enim
692 1665 732 1708 an
762 1663 902 1725 unquam
929 1657 992 1722 per
1018 1649 1151 1719 patruos
1173 1631 1250 1695 duci
1306 1634 1452 1701 Caesaris
1481 1631 1641 1716 principio
1671 1649 1736 1692 non
1765 1626 1866 1688 fuisse
1889 1623 1951 1686 nisi
1973 1643 2054 1708 cog·

504 1753 624 1836 stirpes
646 1742 871 1814 consuevere?
903 1739 984 1832 Quia
1005 1758 1071 1801 uon
1094 1735 1248 1799 continuo
1306 1757 1426 1802 nomeu
1461 1734 1567 1818 gentis
1601 1732 1721 1805 iuliae,
1757 1749 1799 1792 ex
1827 1727 2050 1790 Romanorum

504 1850 749 1922 animadvertit,
781 1843 941 1928 placuisse
971 1841 1090 1902 horum
1112 1853 1251 1901 marme-
1307 1857 1401 1900 more
1433 1836 1466 1896 in
1496 1834 1582 1900 filies
1611 1844 1840 1919 propagatum,
1871 1841 1904 1890 et
1926 1839 2057 1890 tantun-

503 1975 579 2020 rum
600 1950 789 2018 auctoribus
817 1945 988 2008 arcessere
1011 1943 1118 2003 lusum
1139 1937 1173 1999 in
1195 1957 1251 2002 vo·
1308 1939 1382 2003 dem
1405 1938 1556 2000 hahuisse
1579 1935 1756 2010 momenti,
1785 1942 1903 2015 quanto
1926 1929 1973 2005 is,
1995 1929 2054 2011 qui

505 2055 627 2124 cabulo
645 2076 742 2134 napos
765 2046 903 2132 duplicis
926 2040 1186 2126 significationis,
1215 2051 1251 2100 nt
1309 2060 1352 2104 eo
1366 2025 1538 2124 insignitus
1554 2053 1640 2112 erat,
1663 2054 1808 2098 summae
1826 2034 1898 2116 spei
1915 2031 2053 2096 vicinior

504 2163 674 2224 Neronem
713 2173 806 2216 suum
842 2148 931 2230 turpi
960 2143 1145 2210 adulatione
1176 2161 1251 2204 cum
1308 2144 1389 2220 fuit,
1412 2162 1494 2226 qnae
1512 2141 1575 2202 nisi
1594 2139 1681 2202 iilata
1701 2134 1916 2222 qualicunque
1940 2131 1973 2196 si
1995 2129 2056 2195 fal-

506 2261 606 2324 domo
639 2260 798 2322 Caesarea
831 2245 1088 2316 connecterent?
1125 2249 1250 2307 Tamen
1308 2245 1381 2308 lere
1407 2263 1473 2306 non
1496 2244 1613 2329 potuit.
1658 2241 1739 2302 Cum
1763 2236 1873 2300 titulus
1895 2235 2058 2310 Caesarie,

504 2367 591 2428 inter
626 2359 755 2422 laudata
793 2372 956 2417 marmora
988 2362 1064 2412 tunt
1094 2345 1253 2409 nonnulla
1308 2347 1448 2433 perinde
1478 2359 1574 2428 atque
1604 2342 1762 2426 Augusti,
1798 2339 1922 2402 nnllam
1952 2336 1985 2396 in
2015 2353 2056 2397 se

505 2460 706 2540 auctoritatis
736 2457 908 2542 publicae,
940 2465 1029 2513 tanto
1059 2447 1251 2512 ardentiore
1309 2448 1496 2514 contineret
1524 2459 1736 2531 potestatem,
1774 2442 1835 2506 sed·
1864 2437 2055 2522 dignitatem

505 2587 568 2650 per
597 2562 821 2645 impunitatem
849 2551 1030 2617 mendacio.
1073 2549 1179 2630 Magis
1202 2570 1253 2612 ca·
1309 2563 1452 2626 tantuna,
1485 2561 1519 2612 st
1542 2562 1639 2611 causa
1660 2545 1813 2631 provisae
1838 2529 2058 2628 successionis

504 2687 587 2728 nora
617 2662 789 2724 marmoris
820 2654 1010 2720 Gruteriani
1040 2637 1252 2734 impudentia,
1309 2637 1547 2728 reverentiam,
1576 2651 1639 2713 fuit
1660 2649 1692 2710 in
1716 2643 1854 2712 arbitrie
1880 2645 2060 2728 imperato·

504 2767 539 2828 in
568 2785 633 2849 quo
660 2764 752 2825 Nero
782 2759 902 2822 dieitur
929 2755 1182 2818 GERMANICI·
1211 2751 1253 2816 F·
1310 2755 1372 2832 ris,
1401 2775 1461 2817 seu
1481 2751 1580 2836 primi
1600 2751 1720 2832 fastigii
1740 2745 1914 2834 principia,
1944 2756 2053 2806 utrum

504 2867 561 2930 '1⁸1-
574 2859 943 2936 AVGVST1.N.D1v1.
960 2853 1206 2924 AVGAERON.
1223 2853 1251 2934 ι)
1311 2861 1485 2928 Gaesarem
1520 2874 1630 2931 mum,
1667 2871 1726 2914 aen
1760 2845 1898 2912 secundi
1934 2843 2058 2927 insugii

506 2969 673 3036 eliminato
717 2967 789 3046 ipso
831 2975 924 3044 patre
967 2955 1125 3034 Claudio,
1178 2957 1253 3041 qnia
1309 2960 1493 3047 principem
1510 2948 2059 3034 malletintratitulihujuahono-

505 3091 621 3162 parum
652 3067 863 3142 Caesariano,
894 3077 928 3124 et
956 3057 1096 3121 suffecto
1123 3059 1156 3119 in
1183 3059 1254 3140 ciue
1293 3083 1382 3125 »rem
1405 3059 1582 3134 contineri,
1613 3079 1654 3122 tn
1674 3053 1795 3120 addere
1817 3051 2057 3117 auctoritatem.

506 3175 616 3236 iocum
645 3169 728 3230 falso
756 3180 849 3252 patre
879 3161 1081 3227 Germanico
1100 3163 1252 3224 Caesare.
1310 3163 1476 3247 Angustus
1498 3159 1599 3222 trihus
1621 3159 1786 3244 Agrippae
1808 3154 1885 3218 filiis
1908 3146 2054 3235 adoptio·

506 3275 616 3339 Minus
646 3289 728 3354 ergo
757 3265 948 3330 mirabimur
970 3264 1130 3327 Severum
1152 3265 1256 3344 Aug„
1310 3287 1353 3328 ue
1378 3262 1571 3330 Caesaribus
1602 3261 1735 3343 negarit
1765 3255 1970 3322 tribuniciam
1999 3271 2059 3336 po·

508 3377 565 3460 qui
585 3393 648 3459 per
670 3372 734 3434 vim
757 3371 789 3432 in
812 3366 1050 3434 Antoninorum
1074 3384 1147 3428 sese
1176 3383 1255 3446 gen·
1311 3381 1482 3440 testatem,
1517 3383 1610 3448 quarn
1634 3377 1741 3426 tamen
1765 3359 1884 3424 eodem
1907 3371 2061 3442 ternpore

507 3493 578 3542 iem
599 3473 755 3550 immiti
777 3485 813 3534 ¹¹⁸
834 3469 974 3532 ἆὶῑὶωῦῦ
997 3467 1157 3536 V01·V11.
1180 3485 1255 3552 pag·
1280 3539 1283 3550 Δ
1311 3467 1492 3554 impertivit
1521 3466 1673 3549 privigno
1705 3463 1842 3546 riberie
1876 3473 1944 3524 tum
1978 3477 2061 3522 nou·

513 3581 585 3663 ¹7³·
1313 3571 1390 3636 dum
1413 3569 1559 3636 Caesari.
1599 3567 1801 3628 Domitianus
1827 3583 1956 3648 quoque
1980 3563 2059 3626 Cae·

571 3671 821 3758 Laxatisigitur
838 3673 902 3756 jam
924 3683 992 3734 tum
1013 3671 1094 3754 juris
1117 3669 1255 3734 vinculis
1314 3695 1384 3751 aar,
1413 3670 1566 3758 quamdiu
1594 3681 1687 3752 pater
1714 3667 1882 3756 fraterque
1912 3666 1946 3726 in
1975 3659 2061 3725 rivis.

504 3783 611 3848 minus
640 3777 777 3844 arduum
799 3775 936 3838 subinde
958 3773 1019 3836 suit
1040 3771 1253 3860 principibus,
1311 3777 1423 3850 inere,
1457 3791 1523 3836 nno
1545 3772 1702 3857 principis
1724 3769 1900 3853 juventutis
1922 3764 2017 3830 titulo
2039 3785 2060 3825 a

507 3887 613 3952 etaia
641 3883 800 3948 Caesarea
831 3877 929 3940 domo
952 3875 1048 3962 plane
1079 3876 1254 3952 extractio,
1313 3879 1437 3963 privata
1474 3876 1609 3940 fortun
1648 3877 1710 3940 suit
1750 3873 1923 3936 discretae.
1964 3867 2061 3931 Alios

508 3991 543 4052 in
565 4001 740 4069 utramque
766 4001 886 4043 nomen
910 3991 943 4042 ct
965 3979 1115 4043 Caesaris
1136 3989 1169 4039 et
1191 3978 1256 4038 Aa·
1314 3980 1471 4044 maturior
1492 3998 1582 4044 mort
1605 3975 1785 4063 oppressit,
1809 3995 1903 4060 quam
1926 3985 1962 4034 nt
1980 3965 2062 4031 eniti

509 4086 596 4173 gusti
620 4085 785 4159 involare,
810 4079 896 4167 qued
918 4080 981 4163 jam
1004 4099 1176 4162 supremae
1198 4099 1256 4163 po·
1313 4081 1409 4144 nitius
1425 4093 1576 4166 possent,
1604 4101 1671 4164 quo
1688 4079 1756 4144 fata
1774 4079 1868 4150 fuere
1887 4073 1965 4138 dicti
1982 4091 2060 4135 mox

510 4187 636 4256 testatis
657 4183 768 4270 coepit
790 4183 913 4246 habere
936 4195 969 4244 at
991 4203 1104 4257 omen,
1133 4195 1167 4246 ct
1189 4180 1257 4266 opi·
1314 4197 1381 4246 tres
1398 4182 1562 4268 Agrippae
1579 4181 1656 4260 filii,
1679 4184 1805 4246 Drusus
1823 4193 1857 4246 et
1873 4181 1964 4242 Nero
1979 4173 2062 4236 Gen·

512 4287 656 4352 trionem.
690 4287 783 4369 Ergo
804 4283 908 4346 Galba
923 4301 1006 4350 -ntox
1028 4296 1163 4368 accepto
1185 4303 1258 4347 eae·
1315 4285 1449 4363 manici,
1480 4285 1686 4348 Britannicus
1714 4282 1858 4357 ctaadit,
1887 4278 1964 4340 Piso
1986 4271 2074 4336 eat:

511 4393 539 4457 ti
557 4387 699 4454 Neronis
715 4383 855 4461 nuncio,
877 4398 1089 4470 senatumque
1106 4389 1139 4450 in
1156 4385 1257 4453 serbe
1314 4387 1386 4453 bae.
1431 4388 1553 4452 Contra
1592 4387 1687 4450 suere
1728 4389 1964 4470 imperatores,
2006 4375 2065 4460 qui

513 4517 571 4560 sua
591 4494 736 4578 imeras,
763 4507 830 4553 nen
852 4485 1011 4552 dubitarit
1032 4485 1157 4554 adscito
1179 4489 1259 4554 Cae·
1316 4489 1473 4554 Caesam
1496 4507 1573 4553 suos
1596 4490 1667 4554 sire
1683 4488 1792 4553 adona
1815 4482 1988 4550 tribunicia
2006 4499 2066 4570 po·

423 4780 427 4789 1
549 4709 580 4777 a)
599 4707 670 4782 Peg.
689 4715 751 4770 237·
775 4715 799 4765 t·
900 4701 932 4775 b)
953 4701 1033 4762 Suet.
1054 4721 1079 4758 c.
1101 4713 1142 4760 tt.
