4440 5550
757 443 1040 534 tvntsttvs
1075 445 1121 518 11.
1538 379 1585 490 ,⁰
1639 468 1708 544 139

37 647 41 686 ³
167 637 332 720 exemplu,
369 632 486 718 quibus
523 629 704 706 doeemur,
748 631 910 712 Augustos
1030 623 1710 702 Num.‘d,1d,sd.1siscussns·se!acusn

37 755 40 788 1
168 751 199 801 et
223 741 385 820 Augustas
407 733 549 800 numinis
575 731 753 815 cujuspiam
778 730 911 793 maniis·
966 732 1035 790 suis
1049 733 1222 794 attributis.
1246 727 1407 821 Quoniam
1421 733 1479 792 lais
1495 729 1627 796 dearum
1644 757 1712 798 um·

37 867 39 894 ι
169 840 331 906 stucultu
361 837 462 899 inisse
497 833 693 918 propositus.
736 832 911 896 Praeclare
967 828 1075 908 nium,
1099 835 1308 912 quaeeoelu,
1331 846 1457 908 terrae,
1477 833 1709 921 inierisimpa·

37 977 38 980 =
168 939 252 1002 istud
270 935 440 1004 confirmat
456 936 611 1000 Lihauius
630 937 712 1000 haee
730 933 771 998 de
785 934 910 997 Iuliane
967 943 1060 1008 rant,
1090 931 1260 1009 virtutem,
1299 949 1330 998 et
1367 925 1626 1020 potentiam,'et
1654 960 1711 1002 no·

171 1039 410 1120 adfirmans=Js
448 1041 563 1100 πολλαι
588 1041 693 1108 rostras
720 1033 824 1098 s'sstsus
846 1057 913 1108 τοις
968 1033 1054 1095 mins
1076 1032 1145 1115 ipsa
1169 1036 1282 1098 sortite
1309 1049 1377 1114 est,
1408 1050 1444 1099 nt
1468 1052 1601 1121 praeter
1628 1041 1711 1104 alios

169 1161 225 1200 rus
251 1143 327 1202 Setae
344 1155 575 1216 παςαςησαντες
589 1129 700 1198 s’sdseer
717 1134 759 1210 uir
778 1159 828 1210 rer
844 1137 913 1210 Sang-
968 1134 1033 1196 late
1053 1133 1161 1196 docuit
1178 1131 1336 1218 Apuleius
1353 1142 1404 1220 d),
1427 1137 1523 1201 tacite
1549 1142 1710 1204 nutritor-

169 1261 302 1322 rqssuns,
322 1245 441 1304 multus
457 1261 526 1302 eusn
544 1242 638 1301 sssbes
651 1242 780 1300 deorum
793 1242 912 1318 formis
968 1235 1013 1296 rui
1036 1233 1110 1296 huie
1136 1233 1217 1299 dene
1242 1259 1453 1324 quaeeunque
1479 1253 1532 1304 sut
1550 1244 1715 1315 animulis,

169 1345 308 1424 effictum
324 1343 783 1402 deorrsms'nstureesserarstur.
805 1336 911 1406 Video
970 1351 1024 1400 sut
1054 1335 1160 1400 eddits
1189 1337 1239 1400 illi
1269 1341 1359 1422 signa
1398 1339 1711 1410 adcommodaveris.

168 1457 358 1528 praeterea,
380 1438 412 1500 in
431 1438 589 1502 similibus
606 1439 721 1514 nuruis,
744 1437 830 1521 quod
847 1437 910 1520 jem
969 1437 1098 1502 Eodem
1129 1452 1212 1502 teste
1231 1439 1298 1504 aitta
1329 1427 1535 1525 semetipsam
1570 1448 1712 1530 appellnt

168 1545 309 1610 adsentit
336 1545 482 1624 Begerus
498 1539 549 1621 b),
580 1554 754 1623 protomeu
782 1539 911 1622 Serapi·
968 1545 1114 1621 reginum
1129 1546 1290 1615 messium,
1312 1565 1396 1626 quae
1416 1549 1592 1626 inferorum
1607 1553 1713 1627 deplo-

169 1649 218 1710 dis
237 1645 360 1710 amiciri
380 1631 608 1727 paludamento
624 1643 762 1706 Romani
776 1663 910 1726 prorsus
968 1653 1041 1704 ruta
1064 1647 1193 1706 silentiu
1215 1647 1345 1706 nutibus
1369 1649 1437 1706 suis
1463 1651 1642 1726 dispensat,
1680 1662 1713 1708 et

168 1751 268 1814 moris
291 1746 390 1810 fibula
418 1743 458 1808 sd
481 1745 653 1808 humerum
682 1764 787 1819 nero,
824 1742 911 1827 quod
968 1741 1160 1806 mosinirst
1184 1747 1334 1826 Stygiam
1349 1751 1589 1826 Proserpinam,
1613 1755 1713 1813 selle·

168 1863 290 1914 constat
323 1847 492 1934 proprium
525 1845 625 1908 fuisse
659 1844 911 1926 imperatoribus
968 1854 1070 1908 caten.
1105 1847 1147 1906 ,ts
1160 1847 1301 1908 Hecates
1324 1847 1477 1910 comitem
1497 1868 1568 1910 esse
1589 1869 1711 1925 canem,

169 1967 346 2036 gestamen.
391 1945 479 2040 Quid
497 1945 586 2028 quud
611 1958 645 2006 et
663 1945 786 2007 Anubis
802 1946 834 2005 in
861 1945 911 2006 his
969 1943 1193 2028 alibieopinse
1216 1947 1407 2031 probaris).
1450 1948 1605 2014 Gestatur
1629 1971 1712 2036 ergo

168 2054 275 2116 nemis
297 2049 467 2135 paludatus
478 2060 572 2134 ¹totus
596 2058 666 2122 est,
689 2066 814 2136 egquo
839 2045 911 2126 jure
969 2045 1028 2107 Isis
1049 2065 1128 2109 cane
1145 2069 1222 2123 suo,
1244 2049 1411 2130 utcybeIe
1429 2050 1527 2113 leone
1541 2072 1611 2116 suo.
1634 2054 1714 2116 Pru·

167 2173 338 2238 possumus
361 2149 545 2232 conjicere,
579 2145 639 2208 sub
665 2147 783 2210 hurum
810 2147 914 2209 nurni-
969 2145 1098 2228 piorem
1121 2149 1281 2212 rationem
1302 2150 1371 2240 ipse
1389 2150 1571 2216 liberaliter
1596 2161 1740 2238 suppe·'

167 2273 244 2314 num
261 2252 403 2334 imagine
418 2251 522 2314 latere
535 2247 712 2322 Iulianum,
737 2247 912 2332 eidemque
970 2245 1065 2323 ditat,
1088 2267 1161 2310 enm
1181 2262 1263 2312 teste
1279 2251 1427 2314 Diodoro
1447 2253 1558 2316 Siculo
1579 2253 1604 2336 s)
1627 2257 1713 2318 inter
1793 2271 1799 2290 ⁸

168 2371 266 2438 posse
282 2349 456 2434 applicari,
480 2349 566 2430 quod
584 2349 775 2414 deeousule
789 2363 914 2434 apostu-
970 2347 1091 2413 eliade
1119 2369 1154 2412 se
1176 2349 1289 2432 jactate
1322 2351 1402 2434 Eegu
1423 2349 1483 2432 εἰμι
1504 2350 1522 2430 ἦ
1544 2351 1573 2415 is
1593 2379 1636 2435 τῳ
1654 2353 1711 2416 de·

168 2467 199 2516 ta
218 2453 331 2515 scribit
346 2453 388 2516 D.
404 2453 602 2535 Cyprianus,
625 2467 679 2517 sut
695 2451 839 2536 quisquis
863 2463 913 2512 est
969 2471 1029 2530 τρῳ
1044 2473 1153 2532 rasura
1166 2449 1372 2528 discursitare,
1395 2473 1452 2533 eqo
1471 2475 1556 2531 sum,
1578 2479 1661 2538 quae
1678 2462 1714 2518 iss

169 2569 282 2620 suctus·
298 2555 339 2637 c).
970 2552 1061 2615 canis
1076 2558 1179 2617 ss'dern
1196 2557 1344 2630 erorior,
1368 2553 1585 2636 quoiaetum,
1608 2570 1643 2619 ut
1667 2555 1714 2618 st-

970 2655 1037 2716 rius
1052 2647 1284 2718 isidis'astruru
1302 2656 1469 2720 nonnullis
1486 2655 1655 2720 diceretur
1670 2663 1714 2740 s).

214 2765 318 2843 Teque
336 2761 428 2823 dumo
440 2761 575 2841 propriu
584 2761 708 2839 pictum
723 2779 793 2820 eum
809 2758 912 2838 susci·
968 2755 1085 2818 Fuisse
1105 2755 1186 2822 sero
1202 2769 1235 2820 et
1255 2760 1379 2844 Rumae
1399 2757 1518 2820 isidem
1542 2759 1604 2822 hoe
1623 2761 1714 2826 cuitu

297 2937 305 2950 ‚
651 2863 709 2922 dus
727 2869 803 2922 ante
969 2845 1318 2941 effictamsdoeemur
1341 2879 1383 2926 ex
1405 2859 1533 2936 Dione,
1555 2861 1610 2944 qui
1627 2863 1714 2929 inter

208 2967 523 3048 Nunrquoqssecum
539 2964 911 3041 sistrnfars'emporture
967 2958 1140 3043 prodigia,
1184 2980 1267 3046 quse
1311 2958 1491 3044 Elagabalo
1531 2961 1714 3046 imperante

650 3067 811 3126 ramnum.
968 3062 1142 3140 exstitere,
1185 3076 1339 3126 recenset
1369 3064 1485 3141 etiam,
1526 3065 1615 3147 quod
1642 3068 1713 3144 Isis,

970 3183 1053 3245 quse
1076 3184 1175 3247 super
1187 3165 1305 3250 tempii
1323 3165 1372 3227 sui
1388 3164 1563 3246 pinnaculo
1580 3167 1653 3258 caui
1669 3167 1717 3229 in·
1844 3177 1848 3184 '

232 3262 322 3326 idern
339 3263 379 3324 de
388 3263 517 3326 Helena
533 3261 697 3336 adfirmari
707 3263 836 3346 nequit,
858 3281 914 3325 eu·
971 3263 1074 3342 sidet,
1100 3266 1218 3330 faeiem
1243 3267 1422 3330 introrsum
1446 3281 1656 3331 converterat
1670 3267 1715 3350 ¹¹).

167 3366 220 3448 jus
236 3383 301 3426 nen
320 3383 424 3447 aeque
439 3361 608 3444 explorata
620 3363 775 3428 hebemus
795 3365 861 3428 nris
877 3364 915 3426 ti·
969 3366 1061 3428 ldem
1084 3367 1172 3430 esuis
1201 3368 1320 3432 isidem
1347 3369 1494 3434 suumin
1513 3389 1634 3454 pompe
1652 3391 1716 3434 me·

168 3479 352 3530 neamenta.
395 3461 446 3524 sd
468 3463 547 3526 haee
569 3464 645 3537 itta,
676 3485 741 3547 qno
762 3465 912 3550 temp'ore
970 3467 1058 3544 rins,
1080 3488 1173 3553 quam
1194 3492 1311 3534 numus
1335 3480 1470 3548 ΝΜ.
1488 3471 1643 3550 exhibet,
1674 3489 1715 3534 ex

168 3567 311 3634 Iulianus
339 3563 477 3648 Augusti
500 3584 619 3628 numen
639 3564 833 3648 adsumpsit,
861 3588 913 3628 su·
937 3621 944 3634 .
971 3553 1086 3630 eedem
1106 3589 1202 3636 causa
1216 3571 1400 3636 edmitatur.
1443 3571 1535 3636 Idem
1553 3586 1648 3656 typus
1666 3585 1717 3634 est

166 3691 317 3754 premum
344 3667 432 3730 diem
453 3665 552 3740 obiit,
574 3665 742 3730 nisiforte
765 3679 912 3730 mortuus
971 3669 1069 3732 etiam
1101 3669 1134 3730 in
1166 3670 1272 3732 rumis
1302 3672 1460 3736 Hadriani
1488 3685 1522 3734 et
1543 3671 1716 3734 Faustinae

167 3771 394 3868 imaginemur
409 3765 639 3874 Alexandrinis
651 3767 912 3832 monetaeiuisse
969 3771 1066 3835 eitius
1104 3771 1312 3848 memoretis,
1356 3787 1388 3835 et
1425 3772 1458 3834 in
1495 3770 1718 3836 Alexandrino

165 3873 287 3938 illatum
302 3875 439 3937 velimus
458 3885 614 3935 statuere.
969 3873 1127 3939 Antonini
1157 3873 1209 3936 Pii
1238 3894 1312 3938 eum
1343 3893 1428 3936 aune
1455 3874 1515 3936 ΚΔ
1546 3872 1716 3954 (Theupr-

228 3979 289 4040 His
323 3976 503 4060 generatim
532 3971 717 4057 praeseptis
747 3969 788 4034 ad
817 3979 924 4054 typus
968 3975 1042 4058 tt),
1064 3995 1129 4060 quo
1143 3996 1271 4038 rursum
1291 3963 1541 4060 comprobatur,
1562 3994 1717 4060 praesen·

165 4077 328 4164 singulos,
352 4081 379 4142 si
401 4079 457 4163 qui
478 4079 623 4140 rariores
644 4088 734 4150 sunt,
756 4086 810 4136 aut
832 4074 910 4158 quid
969 4074 1049 4142 tium
1083 4078 1293 4158 numuluruua
1324 4077 1460 4162 petriam
1491 4097 1564 4144 esse
1585 4077 1718 4164 Aegyp·

165 4181 341 4250 observatu
369 4181 503 4265 dignum
525 4176 691 4255 offerunt,
719 4177 910 4262 pregrediu·
967 4190 1048 4243 tum.

163 4303 247 4346 mur.

200 4533 232 4604 s)
251 4529 337 4588 Tum.
355 4528 392 4588 11.
411 4529 494 4588 Orat.
515 4551 545 4608 p.
564 4541 628 4596 330.
679 4529 717 4604 b)
733 4531 822 4590 Thes.
840 4531 949 4592 Breud
968 4533 1005 4594 T.
1022 4531 1074 4592 111.
1093 4555 1124 4612 p.
1145 4540 1207 4599 ted.
1262 4536 1292 4607 c)
1312 4531 1394 4610 opp.
1415 4532 1507 4612 Cypr.
1528 4531 1600 4592 edit.
1619 4525 1713 4590 Puris.

163 4622 245 4687 1726.
264 4639 296 4696 p.
312 4617 427 4679 CLVII.
509 4619 545 4691 d)
564 4621 681 4680 fletam.
701 4621 733 4678 L.
752 4621 804 4680 xt.
824 4621 879 4699 sub
899 4623 967 4683 init.
1047 4625 1079 4698 e)
1099 4621 1189 4682 Numi
1207 4634 1265 4685 set
1285 4643 1317 4699 p.
1336 4629 1400 4686 243.
1481 4621 1560 4692 011.
1580 4621 1602 4682 1.
1621 4639 1647 4680 e.
1667 4631 1715 4686 27.

160 4713 197 4790 g)
218 4705 318 4771 susat.
341 4705 498 4783 Apollonii
516 4707 557 4837 sd
572 4709 606 4770 t..
626 4711 663 4773 tt
682 4731 711 4773 v.
731 4719 794 4786 319.
813 4709 918 4774 Theon
934 4709 976 4772 sd
993 4707 1127 4788 Aratum
1200 4711 1237 4790 h)
1256 4711 1290 4771 L.
1308 4710 1551 4866 LXXIX-sinte.
