4440 5550
381 389 494 491 lm
740 409 743 424 ·
939 386 1486 466 consranrtttrstt.

453 591 603 677 quicum
628 581 711 647 votis
730 578 772 654 ad
796 594 898 660 usque
923 587 1009 636 astra
1034 573 1194 650 extulere,
1252 573 1388 637 totidem
1411 571 1539 636 futuros
1562 571 1727 648 aemulos,
1758 583 1791 634 et
1813 569 1996 656 litigatores

327 663 332 671 ι
367 709 409 774 '.
451 694 540 758 ltand
578 688 715 750 multum
753 681 938 743 abluturum
980 675 1081 738 fnisse
1121 675 1194 738 deo.
1251 678 1286 740 in
1309 690 1449 738 mutuam
1472 673 1773 738 ruinam'intentos.

455 799 538 860 Cum
568 787 763 872 supplicium
797 781 838 844 de
870 781 985 864 Crispo
1018 775 1196 860 praestanti
1315 779 1408 848 onr
1423 778 1449 839 1.
1473 783 1672 866 Mineruiae,
1696 797 1789 860 quam
1806 773 1906 859 aliqui
1921 795 1999 838 con·

452 897 575 961 uirtute
604 891 689 964 lilio,
719 899 752 948 et
777 902 881 946 uxore
908 883 1025 942 Fausta
1049 878 1194 961 sumpsit,
1253 879 1420 956 cubinam,
1442 899 1508 940 non
1529 899 1665 940 uxorem
1689 878 1868 960 legitimam
1886 896 2001 958 censu·

456 999 518 1060 etsi
533 993 648 1056 saltem
662 991 694 1050 in
713 989 829 1050 hacex
848 985 982 1058 met-ito,
1005 981 1195 1072 tamensim
1255 1003 1324 1045 ere.
1353 981 1430 1043 Fuit
1447 993 1551 1046 mater
1565 981 1671 1062 Crispi
1687 979 1845 1043 Caesaris.
1878 979 1999 1042 Eantt·

345 1086 350 1096 ’
455 1095 677 1166 crudelitatis,
700 1081 973 1171 siue'praecipitis
992 1083 1119 1146 consilii
1141 1101 1197 1144 no·
1255 1085 1315 1146 mis
1339 1097 1438 1146 caret.
1470 1091 1473 1100 '

454 1216 520 1263 snm
546 1197 618 1279 jure
644 1192 793 1266 abstulit,
827 1187 1029 1268 multumque
1059 1185 1198 1246 inferior
1317 1185 1466 1253 onrll.
1498 1189 1620 1248 Fausta
1640 1181 1826 1245 Maximiani
1847 1180 1999 1248 Herculii

455 1305 502 1364 M.
529 1297 666 1360 Aurelio
691 1290 911 1364 esthabitus,
942 1284 1125 1371 quidilinm
1157 1283 1198 1346 ad
1255 1288 1332 1350 iilia.
1368 1289 1419 1348 De
1442 1285 1555 1348 liberis
1578 1305 1619 1348 ex
1643 1306 1680 1348 ea
1702 1285 1861 1366 susceptis
1883 1297 2000 1368 agetur

458 1403 585 1468 scelera
602 1397 799 1483 proclivem,
830 1403 864 1453 et
886 1389 1023 1472 perditis
1056 1387 1202 1448 moribus
1256 1390 1290 1451 in
1314 1389 1383 1474 ejus
1406 1390 1525 1453 numia.
1581 1377 1590 1394 ⁴

458 1474 595 1567 uxorein
624 1499 706 1559 tulit.
751 1493 847 1586 Quod
878 1491 1003 1552 relictis
1037 1489 1127 1552 uritis
1154 1509 1201 1551 sa·
1664 1559 1668 1568 ἡ

458 1608 523 1670 cria
548 1601 728 1666 Christiana
753 1597 856 1679 palam
885 1591 1052 1675 amplexus
1078 1604 1145 1665 est,
1168 1602 1203 1655 nt
1475 1596 1510 1656 N
1520 1596 1550 1654 V
1557 1597 1594 1655 M
1599 1594 1618 1653 Ι
1654 1596 1686 1653 V
1688 1593 1722 1652 A
1732 1593 1790 1654 G]

456 1703 698 1769 intolerandum
721 1698 807 1759 istud
837 1696 940 1758 risum
965 1705 1056 1758 vetus
1079 1691 1203 1752 institu·
1259 1699 1300 1758 ab
1322 1681 1413 1758 anuo
1433 1697 1468 1757 V.
1493 1696 1526 1755 C.
1541 1702 1619 1756 tout
1644 1698 1679 1755 P.
1702 1696 1742 1755 X.
1756 1699 1819 1754 308
1841 1692 1888 1754 ad
1910 1693 1946 1752 V.
1970 1693 2001 1750 C.

457 1821 528 1870 tum
552 1803 727 1889 professis,
751 1800 797 1861 sic
826 1795 976 1858 omnibns
1003 1793 1159 1855 encomiis
1182 1813 1201 1854 a
1481 1802 1563 1859 {090
1586 1795 1622 1858 P.
1644 1797 1685 1856 X.
1708 1799 1780 1856 337.

459 1908 663 1971 Christianae
686 1899 765 1962 {idei
783 1896 961 1960 cultoribus
981 1893 1041 1955 luit
1060 1892 1204 1956 celebra·
1713 1887 1718 1894 ’

460 2021 545 2082 tum,
585 2005 641 2068 sed
676 2024 753 2086 quas
787 1997 899 2060 landes
932 1995 1097 2078 corrupit,
1129 2015 1202 2056 cnm
1229 2015 1232 2024 ¹
1326 1995 1523 2082 Opportune
1540 1997 1603 2058 hoc
1623 1995 1698 2059 loco
1720 1989 2005 2058 commemoranda

460 2106 636 2192 postremis
667 2102 798 2184 imperii
825 2099 915 2162 annis
948 2097 1140 2178 theologum
1167 2117 1202 2158 se
1262 2099 1383 2182 aliqua,
1405 2119 1488 2182 quac
1508 2098 1688 2181 generatim
1708 2099 1747 2162 ad
1771 2094 2004 2158 nonnullorum

460 2209 580 2290 magis,
604 2226 699 2288 quam
726 2206 957 2288 imperatorem
984 2199 1124 2261 serendo
1151 2219 1205 2260 ex·
1261 2222 1450 2274 nemorum,
1479 2220 1561 2283 quos
1591 2200 1646 2262 hic
1676 2199 1832 2262 articulus
1862 2191 2011 2278 comples

456 2310 598 2374 cessisse
618 2305 746 2366 modum
766 2304 948 2378 rideretur,
971 2317 1066 2384 atque
1085 2321 1126 2363 ex
1143 2299 1203 2362 hec
1261 2303 1378 2377 ctitur,
1399 2316 1536 2365 aetutem
1558 2315 1695 2386 possunt
1716 2304 1895 2384 pertinere·

459 2410 670 2473 contentione
693 2406 778 2469 istud
805 2405 970 2468 obtineret
990 2403 1147 2485 denique,
1168 2412 1205 2462 nt
1323 2407 1347 2464 1.
1370 2405 1497 2466 Horum
1520 2405 1646 2487 aliquos
1669 2403 1847 2468 verisimile
1871 2399 2006 2480 estjam

459 2513 493 2574 in
529 2509 673 2584 celebri,
710 2527 792 2591 quac
827 2521 893 2567 tum
931 2505 1126 2584 agitabatur,
1162 2503 1206 2563 de
1261 2524 1345 2567 anno
1378 2506 1419 2575 V.
1452 2509 1487 2570 C.
1524 2506 1597 2567 tobt
1632 2507 1669 2570 P.
1700 2507 1741 2572 X.
1770 2505 1831 2566 308
1862 2505 2006 2584 signatos

459 2611 582 2675 Christi
612 2611 778 2673 divinitate
809 2608 1032 2670 controversia
1057 2605 1121 2688 jam
1146 2605 1206 2666 Ca·
1260 2603 1379 2682 luisse,
1419 2628 1483 2689 qno
1514 2627 1598 2669 anno
1629 2630 1647 2670 a
1677 2607 1873 2669 Maximiano
1903 2607 2005 2668 Herc.

458 2712 673 2786 titolicoruna,
695 2709 758 2789 jam
785 2707 981 2770 Asianorum
1005 2719 1115 2790 partes
1139 2723 1204 2764 am·
1262 2704 1385 2768 dictum
1410 2727 1487 2770 esse
1510 2712 1693 2790 Augustum¹
1718 2720 1853 2774 constat.
1896 2705 2007 2774 Voluit

459 2813 576 2894 plexus
590 2811 715 2872 neutris
729 2808 805 2870 satis
822 2807 956 2879 iaceret,
971 2805 1108 2868 multum
1120 2805 1203 2867 adeo
1262 2807 1362 2890 igitur
1381 2811 1518 2894 Augusti
1541 2813 1651 2873 titulus
1667 2812 1729 2893 jam
1755 2825 1823 2872 tum
1850 2829 1915 2871 non
1939 2830 2008 2872 mo-

459 2911 625 2974 dissimilis
653 2910 714 2972 sibi
741 2908 886 2984 babitus,
925 2907 980 2991 qni
1008 2928 1072 2970 non
1100 2907 1203 2970 multo
1262 2907 1305 2970 do
1329 2909 1362 2970 in
1390 2913 1567 2994 provinciis
1592 2913 1809 2983 Constantini,
1839 2911 1899 2975 aed
1921 2909 2008 2972 haud

459 3027 533 3078 ante
553 3012 635 3075 datis
660 3011 784 3076 severia
801 3008 906 3072 literis
931 3009 1055 3072 hortari
1080 3009 1206 3090 episco·
1262 3009 1361 3075 dubie
1387 3009 1485 3076 etiam
1511 3015 1684 3090 Maxentii,
1715 3035 1835 3098 nempe
1858 3014 1949 3076 ltalia
1974 3026 2008 3074 et

458 3137 519 3202 pos
539 3135 676 3180 necesse
701 3113 806 3188 duxit,
830 3125 864 3173 ut
879 3109 994 3194 (verba
1010 3122 1084 3172 sunt
1103 3111 1204 3193 ipsius
1260 3113 1382 3178 Africa.
1426 3117 1551 3184 Verum
1572 3114 1606 3178 bi
1621 3115 1710 3178 numi
1726 3137 1790 3180 non
1815 3115 2008 3198 dignoscnn·

351 3231 353 3236 '
459 3216 677 3306 Constantini)
715 3217 754 3278 ab
782 3213 930 3275 inanibus
958 3211 991 3272 id
1024 3233 1128 3294 genus
1158 3214 1204 3273 in·
1262 3227 1325 3279 tur.

459 3323 610 3404 eptisque
642 3317 902 3401 quaestionibus,
934 3332 1015 3398 qnae
1040 3315 1203 3396 puerilem
1326 3319 1366 3382 ll.
1388 3317 1556 3384 Creditum
1579 3319 1763 3394 nonnullis,
1787 3340 1901 3382 numos
1924 3321 2009 3384 Con-

460 3421 563 3505 magis
593 3418 768 3492 inscitiam,
804 3437 899 3500 quant
925 3416 1132 3478 sacerdotum
1159 3439 1207 3480 sa·
1263 3421 1410 3498 alentini,
1457 3422 1513 3507 qui
1550 3423 1677 3498 lovem,
1717 3424 1915 3498 Herculem,
1956 3433 2010 3486 aut

458 3545 532 3585 nam
561 3535 705 3583 mentem
731 3519 876 3602 sapiunt,
907 3537 1015 3602 neque
1040 3518 1082 3582 ad
1107 3519 1205 3582 totius
1264 3521 1326 3585 alia
1349 3525 1590 3608 superstitionis
1617 3502 2009 3608 'argumenta'oatentann

458 3625 630 3708 religionis
655 3641 812 3685 summam
839 3619 1040 3704 pertineant,
1063 3621 1206 3705 aliquan·
1263 3623 1357 3688 feriri
1383 3619 1559 3704 desivisse,
1581 3647 1623 3690 ex
1647 3647 1711 3710 quo
1734 3631 1761 3688 is
1780 3627 2010 3692 Christicolum

459 3729 502 3790 dn
530 3747 603 3789 sese
629 3725 832 3788 abstinerent
847 3726 887 3803 ¹).
910 3723 954 3785 At
979 3722 1205 3804 gravissimum
1264 3747 1337 3792 sese
1353 3727 1522 3811 professus
1539 3744 1604 3806 est,
1628 3730 1714 3814 quod
1732 3729 1850 3793 iactum
1868 3729 2009 3792 diximus

459 3829 661 3913 reipublicae
684 3829 800 3892 rnlnus
822 3823 955 3900 inflixit,
978 3845 1207 3890 seucumno·
1263 3849 1347 3893 sono
1376 3831 1415 3892 P.
1444 3831 1485 3890 X.
1513 3831 1590 3895 dtt.
1632 3831 1700 3894 Sed
1728 3833 1814 3895 enim
1845 3831 1879 3892 in
1908 3849 2010 3895 numo

456 3955 527 3996 sant
548 3931 590 3994 ad
613 3929 847 4012 Propontidem
873 3929 1010 3990 Romam
1036 3931 1206 4006 exstruxit,
1264 3952 1360 4014 snpra
1390 3933 1560 4012 proposito
1590 3935 1776 3998 consulatus
1802 3935 1879 4010 lv„
1910 3953 2008 4017 quent

459 4033 500 4096 ‹le
523 4052 587 4115 quo
608 4043 724 4112 agetur
748 4032 912 4111 copiosius
932 4044 1007 4113 post
1025 4031 1207 4092 Constanti·
1263 4033 1356 4098 inivit
1373 4033 1410 4094 Ρ.
1431 4033 1471 4093 Χ.
1488 4031 1570 4108 315,
1591 4035 1697 4100 sdituc
1716 4042 1780 4102 Sol
1799 4041 1938 4100 invictus
1960 4057 2016 4105 cos

460 4135 492 4194 ni
516 4145 677 4194 monetam
703 4127 743 4188 ad
769 4151 883 4192 numos
907 4130 1081 4210 inscriptos
1104 4130 1209 4196 CON·
1264 4127 1331 4198 isses
1360 4136 1571 4217 proponitur,
1607 4149 1642 4200 et
1673 4139 1787 4201 endem
1818 4137 1936 4202 deliris
1967 4140 2012 4202 le·

364 4241 368 4248 '
463 4228 838 4304 S'rnNt·tNOP01.tS,
868 4249 925 4292 seu
952 4230 1127 4313 quodnon
1154 4230 1208 4294 ab·
1266 4257 1321 4320 gas
1349 4237 1446 4298 etiam
1477 4237 1509 4298 in
1535 4239 1641 4302 numia
1668 4241 1774 4325 Crispi
1800 4255 1834 4306 et
1857 4243 2012 4306 Coustsn·

463 4334 611 4399 stet-ritus
634 4328 823 4394 recentibus
849 4333 1009 4413 exemplis
1033 4333 1207 4416 imperium
1266 4338 1324 4400 tini
1359 4337 1521 4416 filiorum,
1561 4343 1616 4426 qui
1645 4356 1720 4408 ante
1753 4365 1872 4408 annum
1903 4347 1940 4406 P.
1971 4327 2011 4405 ti.

464 4443 550 4502 inter
571 4451 638 4499 tres
662 4430 749 4496 filios
771 4430 918 4515 duosque
939 4445 1077 4516 nepotes
1100 4433 1209 4498 diuisit
1265 4437 1345 4522 3⁸7,
1372 4459 1438 4524 qao
1462 4443 1619 4510 Caesares
1641 4447 1744 4514 creati
1767 4460 1858 4522 sunt,
1891 4448 2012 4532 signari

465 4587 2014 4624 —-—-———----—----—----.......

505 4657 535 4720 a)
555 4651 661 4710 Ettseb.
681 4648 711 4706 itt
731 4647 798 4706 Vita
819 4649 918 4708 Consi.
939 4646 971 4704 L.
991 4645 1026 4705 ll.
1047 4666 1111 4724 cap.
1130 4649 1167 4710 ὑῒ
1183 4677 1219 4692 -·
1237 4651 1281 4724 69.
